2610 4696
27 637 31 650 .
142 571 280 640 Urbim)-
298 571 394 640 nibus
416 565 560 632 indidem
580 565 681 638 natis,
704 563 905 646 locupletare
925 552 1199 642 peregre'arlcitis
1212 556 1267 618 lliis

134 641 168 702 Α·
189 643 219 698 0·
234 641 280 707 43·
298 652 491 720 volucruntt
514 647 732 730 templumque
747 642 897 726 Serapidi
915 661 952 702 ao
964 639 1055 712 loidi,
1078 637 1147 722 poll
1163 641 1269 722 saepius

299 731 467 816 repudiata
488 749 602 792 eorum
622 749 745 804 sacra,=
761 726 929 790 decretum
946 719 1001 786 etl.
1043 723 1133 783 Haec
1150 742 1190 783 eo
1206 743 1270 783 anno

297 814 385 882 domi
406 827 438 874 et
456 811 594 882 initalia
611 807 707 894 gesta.

116 945 283 1024 aaaron,
299 921 475 1070 cariffi}
495 923 585 1080 alit
600 914 1053 1060 ⁹²ttittlllt⁰tlmtllt2'¹³
1074 911 1113 1056 {t
1129 911 1275 1058 ltili

596 1041 604 1069 ,
631 1049 633 1054 ,

296 1083 473 1166 Pompeius
500 1082 681 1172 gellepsnt:
721 1097 911 1162 quamquam
941 1077 995 1138 illa
1023 1034 1101 1140 s’ane
1127 1077 1273 1138 concisius

297 1165 381 1252 apud
404 1179 555 1230 auctores
575 1162 774 1229 reseruntur.
804 1163 967 1229 Brutus,
990 1156 1129 1240 adcepto
1149 1172 1274 1220 senatus-

294 1247 465 1318 consulto,
497 1265 561 1328 quo
583 1245 646 1306 sihi
666 1243 835 1304 decretum
856 1240 1028 1322 imperium
1048 1254 1138 1312 erat,
1170 1255 1276 1321 pacata.

295 1349 359 1412 quc
378 1329 536 1390 Graeciae
559 1341 591 1395 et
605 1325 725 1406 lllyrici
745 1337 858 1408 parte,
883 1324 1054 1387 Caesarem
1082 1322 1114 1399 (a
1141 1342 1204 1404 quo
1225 1336 1277 1382 tun

295 1410 399 1486 adhuc
419 1409 602 1500 oppugnari
620 1406 796 1472 Antonium
814 1403 963 1494 putebat)
981 1424 1043 1488 per
1059 1401 1209 1486 epistolas
1223 1425 1277 1464 ruo-

294 1491 385 1564 nult,
414 1491 601 1572 prnjiverarec
618 1494 647 1548 in
665 1493 786 1566 incepto,
810 1509 855 1558 et,
878 1490 1004 1572 quoniam
1020 1504 1183 1544 corrrctionem
1199 1483 1278 1556 bolen

294 1573 442 1647 luteum,
468 1573 558 1654 ,ficum
577 1571 728 1630 redireriu
742 1571 873 1648 gratiani.
917 1571 1066 1638 Interea,
1099 1567 1187 1648 quod
1208 1565 1280 1627 desi·

298 1655 408 1723 derori
428 1677 464 1718 se
482 1655 605 1716 solebat
621 1653 655 1714 in
672 1664 796 1721 senatu,
819 1648 858 1710 arl
877 1648 1143 1728 transjiciendum
1160 1670 1194 1710 se
1208 1668 1280 1708 com·

323 1737 441 1804 arebat.
494 1735 578 1807 Sed,
610 1733 666 1801 ubi
692 1747 845 1794 mutatum
867 1733 1037 1793 Caesarem
1061 1731 1230 1813 omniaque
1251 1729 1281 1790 srl

238 1852 242 1878 i
298 1761 420 1884 lenum
442 1833 592 1901 spectaro
612 1815 786 1898 cognorit,
817 1813 881 1878 hoc
900 1835 998 1898 agere
1020 1826 1177 1876 contento
1195 1810 1283 1880 fludio

300 1902 429 1984 coepit,
453 1903 535 1968 utri
553 1899 717 1986 repellere
737 1897 801 1960 vim
818 1893 961 1959 sacturo's
981 1896 1096 1978 pollet..

120 2051 288 2114 allatorem,
362 2023 442 2094 CIX.
465 2021 586 2109 Igitur,
609 2019 819 2099 Macedoniae
839 2019 937 2080 rebus
956 2018 1080 2102 optime
1100 2015 1284 2086 constitutis,

111 2124 263 2183 seditionem
300 2106 443 2174 recurrit
464 2103 504 2170 ed
523 2102 776 2186 componendam
800 2101 1016 2174 seditionem,
1051 2122 1147 2184 quam
1167 2100 1285 2160 interim

110 2191 286 2272 §nitrariae
301 2188 335 2250 in
358 2187 505 2254 exercitu
524 2185 560 2251 C.
578 2185 738 2254 Antonius
761 2197 997 2254 commoverat,
1029 2183 1111 2244 clam
1135 2181 1286 2266 appellan-

107 2261 174 2338 ΙΨ*
188 2259 344 2330 ‘murelo
371 2269 471 2332 duces
496 2266 683 2363 militesque
709 2267 806 2328 etad
831 2265 1052 2328 desectionem
1079 2262 1285 2326 sollicitando.

112 2337 191 2390 ‘W‘
303 2349 369 2420 Sed
389 2364 513 2418 mature
535 2348 697 2415 cohibitus
718 2346 762 2410 cll
781 2351 936 2416 aBruto,
968 2347 1197 2431 ademptisque
1219 2345 1288 2405 insi·

302 2431 420 2584 §nibus
435 2431 609 2513 praetoris,
631 2431 665 2490 in
681 2430 784 2494 libera
797 2427 938 2494 eustolia
950 2429 1080 2490 habitus
1093 2429 1287 2514 Apolloniae.

322 2512 462 2584 edilia,
493 2531 558 2572 non
577 2511 720 2594 reprelia
741 2511 898 2594 perboc,
930 2531 1042 2572 rerum
1061 2521 1172 2582 assota,
1206 2509 1288 2570 suda·

302 2596 369 2667 cia,
401 2594 502 2677 magis
524 2594 620 2661 etiam
643 2593 683 2654 arl
703 2615 737 2673 se
756 2592 949 2677 pertrahere
970 2593 1149 2658 exercitum
1166 2591 1288 2652 adnisus

302 2675 363 2746 cll:
394 2689 582 2760 tantumque
598 2675 761 2758 profecit,
784 2689 819 2738 ut
841 2677 875 2742 in
895 2677 1026 2758 legione
1047 2689 1159 2758 quarta
1180 2673 1288 2735 serlitio

301 2757 510 2828 nasceretur,
534 2777 655 2847 resque
674 2758 805 2820 reniret
822 2757 862 2824 ad
880 2779 1009 2828 nunnus,
1040 2770 1073 2818 et
1093 2757 1241 2818 nonnulli
1258 2751 1290 2815 ad

253 2859 255 2864 ·
300 2839 506 2912 liberandum
530 2837 670 2903 custodia
692 2839 868 2905 Antonium
894 2853 1082 2922 pergerent.
1133 2838 1167 2900 ld
1194 2837 1289 2898 consi-

300 2923 381 2990 lium
401 2925 504 2988 Bruto
529 2921 644 2988 literae
665 2921 819 3002 quaedam
844 2923 1044 3006 interceptae
1064 2919 1289 3002 prodiderunt,

249 3011 254 3028 “
302 3018 541 3088 correptusque
561 3003 744 3076 Antonius,
769 3019 801 3066 et
820 3024 881 3086 pro
900 3016 1035 3085 aegroto
1057 3004 1091 3063 in
1112 3023 1242 3064 currum
1261 3020 1291 3059 o·

302 3100 433 3182 portum
460 3085 626 3166 conjectus
652 3081 711 3158 est,
740 3099 774 3146 ut
794 3079 1020 3170 exportaretur
1042 3084 1184 3168 oppido,
1208 3098 1291 3166 atque

302 3189 337 3236 qn
357 3168 430 3235 navi
448 3166 688 3234 adseruaretur.
732 3168 834 3249 lgitur
848 3167 986 3240 milites,
1010 3168 1154 3228 Antonio
1169 3187 1234 3226 non
1248 3185 1293 3223 re·

303 3263 400 3339 porto
415 3252 550 3318 Brutum
568 3247 739 3324 timentes,
771 3250 803 3310 in
824 3249 909 3311 colle
928 3248 1067 3332 quorlsm
1084 3247 1168 3308 haud
1188 3243 1292 3331 procul

304 3331 479 3418 Apollonia
504 3331 743 3404 consederunt,
766 3332 809 3392 mi
838 3355 884 3402 rs,
909 3331 965 3414 qui
978 3335 1117 3395 Brutum
1137 3329 1177 3392 acl
1197 3350 1232 3392 se
1245 3348 1292 3388 re·

305 3413 379 3482 nire
408 3411 570 3490 juberent.
613 3415 656 3478 At
678 3413 754 3485 ille,
787 3413 907 3476 milites
932 3413 972 3474 ad
991 3413 1224 3496 imperatorem
1246 3407 1293 3470 ad·

306 3493 427 3564 cedere
449 3496 561 3564 verius
582 3496 664 3569 elle,
691 3494 882 3579 respondit3
914 3495 1105 3578 ignoritque
1122 3485 1293 3578 deprecan-

305 3575 415 3649 tibus,
449 3577 561 3660 poucis
583 3577 768 3644 interiectis
791 3591 844 3639 aut
865 3577 903 3638 ab
926 3577 1231 3639 exerciturcmctis
1250 3592 1294 3634 se-

307 3657 443 3724 ditionis
463 3659 661 3722 auctoribus.
705 3659 885 3742 Statimque
901 3661 944 3721 ita
960 3671 1035 3720 sunt
1048 3677 1228 3720 conversae
1242 3655 1294 3716 mi·

307 3739 400 3812 litum
420 3753 565 3812 mentes,
597 3753 630 3808 ut
652 3739 877 3811 interficerent
895 3743 1077 3823 relegatos,
1105 3739 1294 3822 hisculpam

309 3835 437 3885 omnem
458 3821 672 3904 imputantes,
696 3820 962 3907 quaestoremque
981 3837 1077 3905 atque
1095 3822 1221 3904 legatos
1236 3821 1296 3880 tn·

307 3903 393 3979 lonii
411 3903 452 3974 od
471 3922 586 3976 netem
605 3901 834 3999 deposcerent,
878 3907 1010 3972 Certum
1026 3918 1097 3972 erat
1110 3907 1233 3976 Bruto,
1252 3899 1295 3960 ni·

309 4037 639 4058 μ

344 4115 418 4188 (lap.
433 4113 525 4195 (ΝΠ.
550 4111 620 4180 nto,
637 4113 658 4176 l.
669 4113 713 4179 4⁰·
730 4131 761 4188 p,
773 4131 817 4182 qr,
834 4125 864 4170 et
877 4115 897 4170 l.
908 4109 951 4184 qs·
966 4131 997 4184 p·
1011 4111 1071 4174 128,
1108 4113 1183 4184 cap.
1195 4105 1296 4190 QVIR·

308 4185 438 4256 Appiam
459 4185 526 4248 Duo,
542 4181 619 4251 lin,
655 4184 726 4254 cap.
744 4184 819 4240 elx.
838 4184 917 4248 Plut,
934 4185 1042 4254 Bruto,
1061 4193 1091 4248 ct
1105 4181 1175 4237 Dio.
1196 4171 1302 4238 emaci

310 4253 436 4330 Elui-12
452 4270 478 4316 Ἅι
499 4251 576 4316 Plltl·
595 4263 625 4320 ii
640 4251 712 4318 Dl⁰r
734 4251 804 4318 Di⁰s
