<?xml version="1.0" encoding="UTF-8"?>
<!DOCTYPE html PUBLIC "-//W3C//DTD XHTML 1.0 Transitional//EN"
    "http://www.w3.org/TR/xhtml1/DTD/xhtml1-transitional.dtd">
<html xmlns="http://www.w3.org/1999/xhtml" xml:lang="en" lang="en">
 <head>
  <title>
</title>
<meta http-equiv="Content-Type" content="text/html;charset=utf-8" />
  <meta name='ocr-system' content='tesseract 3.04.00' />
  <meta name='ocr-capabilities' content='ocr_page ocr_carea ocr_par ocr_line ocrx_word'/>
</head>
<body>
  <div class='ocr_page' id='page_1' title='image "./tliviipatavinih02drakgoog_0371.png"; bbox 0 0 2610 4696; ppageno 0'>
   <div class='ocr_carea' id='block_1_1' title="bbox 293 247 1271 392">
    <p class='ocr_par' dir='ltr' id='par_1_1' title="bbox 293 247 1271 392">
     <span class='ocr_line' id='line_1_1' title="bbox 293 247 1271 392; baseline -0.006 -26"><span class='ocrx_word' id='word_1_1' title='bbox 293 300 354 382; x_wconf 84' lang='lat'><strong>370</strong></span> <span class='ocrx_word' id='word_1_2' title='bbox 381 247 585 366; x_wconf 69' lang='lat' dir='ltr'><strong>enatasti.</strong></span> <span class='ocrx_word' id='word_1_3' title='bbox 599 297 1016 392; x_wconf 69' lang='lat' dir='ltr'><strong>sueeccueuronutt</strong></span> <span class='ocrx_word' id='word_1_4' title='bbox 1031 299 1106 360; x_wconf 74' lang='lat' dir='ltr'><strong>Lis.</strong></span> <span class='ocrx_word' id='word_1_5' title='bbox 1119 297 1271 364; x_wconf 87' lang='lat' dir='ltr'><strong>LXXXV.</strong></span> 
     </span>
    </p>
   </div>
   <div class='ocr_carea' id='block_1_2' title="bbox 221 527 273 580">
    <p class='ocr_par' dir='ltr' id='par_1_2' title="bbox 221 527 273 580">
     <span class='ocr_line' id='line_1_2' title="bbox 221 527 273 580; baseline 0 0"><span class='ocrx_word' id='word_1_6' title='bbox 221 527 273 580; x_wconf 74' lang='lat'><strong>7⁰9</strong></span> 
     </span>
    </p>
   </div>
   <div class='ocr_carea' id='block_1_3' title="bbox 227 507 1274 654">
    <p class='ocr_par' dir='ltr' id='par_1_3' title="bbox 227 507 1274 654">
     <span class='ocr_line' id='line_1_3' title="bbox 227 507 1274 654; baseline -0.004 -80"><span class='ocrx_word' id='word_1_7' title='bbox 227 510 405 654; x_wconf 66' lang='lat' dir='ltr'><strong>⁴3·pejum</strong></span> <span class='ocrx_word' id='word_1_8' title='bbox 427 509 467 572; x_wconf 80' lang='lat' dir='ltr'><strong>tle</strong></span> <span class='ocrx_word' id='word_1_9' title='bbox 487 528 566 593; x_wconf 89' lang='lat' dir='ltr'><strong>pace</strong></span> <span class='ocrx_word' id='word_1_10' title='bbox 585 507 687 589; x_wconf 80' lang='lat' dir='ltr'><strong>mitti,</strong></span> <span class='ocrx_word' id='word_1_11' title='bbox 718 507 899 570; x_wconf 83' lang='lat' dir='ltr'>deducente</span> <span class='ocrx_word' id='word_1_12' title='bbox 921 510 1027 581; x_wconf 89' lang='lat' dir='ltr'><strong>ltalia,</strong></span> <span class='ocrx_word' id='word_1_13' title='bbox 1050 531 1147 593; x_wconf 90' lang='lat' dir='ltr'><strong>quum</strong></span> <span class='ocrx_word' id='word_1_14' title='bbox 1162 511 1274 570; x_wconf 83' lang='lat' dir='ltr'><strong>Puteo-</strong></span> 
     </span>
    </p>
   </div>
   <div class='ocr_carea' id='block_1_4' title="bbox 125 511 1289 1639">
    <p class='ocr_par' dir='ltr' id='par_1_4' title="bbox 126 511 206 566">
     <span class='ocr_line' id='line_1_4' title="bbox 126 511 206 566; baseline -0.025 0"><span class='ocrx_word' id='word_1_15' title='bbox 126 511 162 566; x_wconf 81' lang='lat' dir='ltr'><strong>tt.</strong></span> <span class='ocrx_word' id='word_1_16' title='bbox 180 527 206 565; x_wconf 85' lang='lat' dir='ltr'><strong>e.</strong></span> 
     </span>
    </p>

    <p class='ocr_par' dir='ltr' id='par_1_5' title="bbox 125 579 1289 1639">
     <span class='ocr_line' id='line_1_5' title="bbox 125 579 1275 678; baseline -0.004 -23"><span class='ocrx_word' id='word_1_17' title='bbox 125 579 161 634; x_wconf 56' lang='grc' dir='ltr'><strong>Δ·</strong></span> <span class='ocrx_word' id='word_1_18' title='bbox 180 580 214 636; x_wconf 76' lang='lat' dir='ltr'><strong>c·</strong></span> <span class='ocrx_word' id='word_1_19' title='bbox 311 614 347 654; x_wconf 87' lang='lat' dir='ltr'><strong>os</strong></span> <span class='ocrx_word' id='word_1_20' title='bbox 365 593 517 678; x_wconf 71' lang='lat' dir='ltr'><strong>venillqt,</strong></span> <span class='ocrx_word' id='word_1_21' title='bbox 548 591 638 674; x_wconf 84' lang='lat' dir='ltr'>quasi</span> <span class='ocrx_word' id='word_1_22' title='bbox 655 589 787 674; x_wconf 91' lang='lat' dir='ltr'><strong>publico</strong></span> <span class='ocrx_word' id='word_1_23' title='bbox 806 612 939 653; x_wconf 90' lang='lat' dir='ltr'><strong>munere</strong></span> <span class='ocrx_word' id='word_1_24' title='bbox 957 591 1171 674; x_wconf 79' lang='lat' dir='ltr'><strong>fungeretur,</strong></span> <span class='ocrx_word' id='word_1_25' title='bbox 1200 613 1275 651; x_wconf 88' lang='lat' dir='ltr'><strong>sum·</strong></span> 
     </span>
     <span class='ocr_line' id='line_1_6' title="bbox 296 673 1275 754; baseline -0.002 -20"><span class='ocrx_word' id='word_1_26' title='bbox 296 691 347 734; x_wconf 88' lang='lat' dir='ltr'><strong>ma</strong></span> <span class='ocrx_word' id='word_1_27' title='bbox 370 676 543 736; x_wconf 80' lang='lat' dir='ltr'><strong>securitate</strong></span> <span class='ocrx_word' id='word_1_28' title='bbox 564 674 726 754; x_wconf 80' lang='lat' dir='ltr'><strong>correptis</strong></span> <span class='ocrx_word' id='word_1_29' title='bbox 769 673 885 748; x_wconf 81' lang='lat' dir='ltr'><strong>ublicis</strong></span> <span class='ocrx_word' id='word_1_30' title='bbox 904 673 1112 745; x_wconf 77' lang='lat' dir='ltr'><strong>triremibus,</strong></span> <span class='ocrx_word' id='word_1_31' title='bbox 1147 673 1184 732; x_wconf 91' lang='lat' dir='ltr'><strong>in</strong></span> <span class='ocrx_word' id='word_1_32' title='bbox 1201 673 1275 734; x_wconf 82' lang='lat' dir='ltr'><strong>Sici-</strong></span> 
     </span>
     <span class='ocr_line' id='line_1_7' title="bbox 295 694 1276 838; baseline -0.002 -22"><span class='ocrx_word' id='word_1_33' title='bbox 295 756 372 816; x_wconf 90' lang='lat' dir='ltr'><strong>ham</strong></span> <span class='ocrx_word' id='word_1_34' title='bbox 392 755 559 838; x_wconf 85' lang='lat' dir='ltr'><strong>profectus</strong></span> <span class='ocrx_word' id='word_1_35' title='bbox 576 753 631 814; x_wconf 89' lang='lat' dir='ltr'><strong>ell.</strong></span> <span class='ocrx_word' id='word_1_36' title='bbox 674 694 830 836; x_wconf 80' lang='lat' dir='ltr'><strong>Apuleius</strong></span> <span class='ocrx_word' id='word_1_37' title='bbox 848 768 882 815; x_wconf 88' lang='lat' dir='ltr'><strong>et</strong></span> <span class='ocrx_word' id='word_1_38' title='bbox 899 755 1092 825; x_wconf 78' lang='lat' dir='ltr'><strong>Arruntius,</strong></span> <span class='ocrx_word' id='word_1_39' title='bbox 1116 756 1276 815; x_wconf 85' lang='lat' dir='ltr'><strong>centurio-</strong></span> 
     </span>
     <span class='ocr_line' id='line_1_8' title="bbox 294 835 1278 910; baseline 0 -14"><span class='ocrx_word' id='word_1_40' title='bbox 294 856 354 898; x_wconf 86' lang='lat' dir='ltr'><strong>nes</strong></span> <span class='ocrx_word' id='word_1_41' title='bbox 379 837 526 910; x_wconf 91' lang='lat' dir='ltr'><strong>mentiti,</strong></span> <span class='ocrx_word' id='word_1_42' title='bbox 544 857 632 896; x_wconf 84' lang='lat' dir='ltr'><strong>cum</strong></span> <span class='ocrx_word' id='word_1_43' title='bbox 659 835 765 896; x_wconf 87' lang='lat' dir='ltr'><strong>servis</strong></span> <span class='ocrx_word' id='word_1_44' title='bbox 793 835 978 896; x_wconf 87' lang='lat' dir='ltr'><strong>militariter</strong></span> <span class='ocrx_word' id='word_1_45' title='bbox 999 835 1166 896; x_wconf 87' lang='lat' dir='ltr'><strong>adornatis</strong></span> <span class='ocrx_word' id='word_1_46' title='bbox 1191 854 1278 896; x_wconf 86' lang='lat' dir='ltr'><strong>cursu</strong></span> 
     </span>
     <span class='ocr_line' id='line_1_9' title="bbox 295 917 1278 1000; baseline -0.001 -22"><span class='ocrx_word' id='word_1_47' title='bbox 295 939 331 978; x_wconf 88' lang='lat' dir='ltr'><strong>se</strong></span> <span class='ocrx_word' id='word_1_48' title='bbox 352 919 538 980; x_wconf 81' lang='lat' dir='ltr'><strong>extulerunt</strong></span> <span class='ocrx_word' id='word_1_49' title='bbox 555 931 666 1000; x_wconf 88' lang='lat' dir='ltr'><strong>porta,</strong></span> <span class='ocrx_word' id='word_1_50' title='bbox 697 930 855 998; x_wconf 78' lang='lat' dir='ltr'><strong>tamquam</strong></span> <span class='ocrx_word' id='word_1_51' title='bbox 884 917 965 977; x_wconf 87' lang='lat' dir='ltr'><strong>alios</strong></span> <span class='ocrx_word' id='word_1_52' title='bbox 992 933 1278 1000; x_wconf 81' lang='lat' dir='ltr'><strong>prosequerentur.</strong></span> 
     </span>
     <span class='ocr_line' id='line_1_10' title="bbox 295 998 1281 1080; baseline 0 -20"><span class='ocrx_word' id='word_1_53' title='bbox 295 999 413 1060; x_wconf 91' lang='lat' dir='ltr'><strong>deinde</strong></span> <span class='ocrx_word' id='word_1_54' title='bbox 432 999 572 1070; x_wconf 87' lang='lat' dir='ltr'><strong>coactis,</strong></span> <span class='ocrx_word' id='word_1_55' title='bbox 603 999 687 1060; x_wconf 89' lang='lat' dir='ltr'><strong>sicut</strong></span> <span class='ocrx_word' id='word_1_56' title='bbox 704 998 744 1059; x_wconf 87' lang='lat' dir='ltr'><strong>de</strong></span> <span class='ocrx_word' id='word_1_57' title='bbox 760 998 869 1060; x_wconf 87' lang='lat' dir='ltr'><strong>Hirtio</strong></span> <span class='ocrx_word' id='word_1_58' title='bbox 887 998 1045 1068; x_wconf 81' lang='lat' dir='ltr'><strong>diximus,</strong></span> <span class='ocrx_word' id='word_1_59' title='bbox 1069 1019 1154 1080; x_wconf 88' lang='lat' dir='ltr'><strong>quos</strong></span> <span class='ocrx_word' id='word_1_60' title='bbox 1197 1013 1281 1060; x_wconf 91' lang='lat' dir='ltr'><strong>otue-</strong></span> 
     </span>
     <span class='ocr_line' id='line_1_11' title="bbox 293 1020 1280 1164; baseline -0.001 -22"><span class='ocrx_word' id='word_1_61' title='bbox 293 1096 384 1153; x_wconf 86' lang='lat' dir='ltr'><strong>rant‚</strong></span> <span class='ocrx_word' id='word_1_62' title='bbox 408 1081 504 1142; x_wconf 91' lang='lat' dir='ltr'><strong>armis</strong></span> <span class='ocrx_word' id='word_1_63' title='bbox 525 1081 628 1164; x_wconf 79' lang='lat' dir='ltr'><strong>signis</strong></span> <span class='ocrx_word' id='word_1_64' title='bbox 653 1099 693 1140; x_wconf 91' lang='lat' dir='ltr'><strong>ue</strong></span> <span class='ocrx_word' id='word_1_65' title='bbox 714 1079 750 1140; x_wconf 89' lang='lat' dir='ltr'><strong>ad</strong></span> <span class='ocrx_word' id='word_1_66' title='bbox 772 1080 916 1164; x_wconf 86' lang='lat' dir='ltr'><strong>speciem</strong></span> <span class='ocrx_word' id='word_1_67' title='bbox 936 1079 1099 1142; x_wconf 80' lang='lat' dir='ltr'><strong>exercitus</strong></span> <span class='ocrx_word' id='word_1_68' title='bbox 1121 1020 1280 1150; x_wconf 66' lang='lat' dir='ltr'><strong>intlluni,</strong></span> 
     </span>
     <span class='ocr_line' id='line_1_12' title="bbox 293 1101 1283 1247; baseline -0.002 -23"><span class='ocrx_word' id='word_1_69' title='bbox 293 1163 426 1247; x_wconf 69' lang='lat' dir='ltr'><strong>partitis*</strong></span> <span class='ocrx_word' id='word_1_70' title='bbox 451 1163 555 1246; x_wconf 86' lang='lat' dir='ltr'><strong>copiis</strong></span> <span class='ocrx_word' id='word_1_71' title='bbox 580 1159 620 1221; x_wconf 87' lang='lat' dir='ltr'><strong>ad</strong></span> <span class='ocrx_word' id='word_1_72' title='bbox 631 1101 760 1222; x_wconf 61' lang='lat' dir='ltr'><strong>(l&#39;retum</strong></span> <span class='ocrx_word' id='word_1_73' title='bbox 784 1161 1031 1222; x_wconf 90' lang='lat' dir='ltr'><strong>contenderunt.</strong></span> <span class='ocrx_word' id='word_1_74' title='bbox 1075 1161 1144 1222; x_wconf 86' lang='lat' dir='ltr'><strong>Sed</strong></span> <span class='ocrx_word' id='word_1_75' title='bbox 1169 1159 1283 1223; x_wconf 85' lang='lat' dir='ltr'><strong>adcidit</strong></span> 
     </span>
     <span class='ocr_line' id='line_1_13' title="bbox 294 1241 1283 1325; baseline -0.001 -20"><span class='ocrx_word' id='word_1_76' title='bbox 294 1245 394 1316; x_wconf 84' lang='lat' dir='ltr'><strong>l&#39;orte,</strong></span> <span class='ocrx_word' id='word_1_77' title='bbox 419 1258 464 1316; x_wconf 93' lang='lat' dir='ltr'><strong>ut,</strong></span> <span class='ocrx_word' id='word_1_78' title='bbox 487 1243 602 1306; x_wconf 88' lang='lat' dir='ltr'><strong>eodem</strong></span> <span class='ocrx_word' id='word_1_79' title='bbox 622 1243 654 1302; x_wconf 89' lang='lat' dir='ltr'><strong>in</strong></span> <span class='ocrx_word' id='word_1_80' title='bbox 674 1243 758 1303; x_wconf 90' lang='lat' dir='ltr'><strong>colle</strong></span> <span class='ocrx_word' id='word_1_81' title='bbox 775 1241 935 1325; x_wconf 65' lang='lat' dir='ltr'><strong>quondam</strong></span> <span class='ocrx_word' id='word_1_82' title='bbox 953 1257 1202 1325; x_wconf 87' lang='lat' dir='ltr'><strong>pernoctantes,</strong></span> <span class='ocrx_word' id='word_1_83' title='bbox 1217 1243 1283 1304; x_wconf 88' lang='lat' dir='ltr'><strong>dum</strong></span> 
     </span>
     <span class='ocr_line' id='line_1_14' title="bbox 294 1323 1284 1394; baseline -0.003 -7"><span class='ocrx_word' id='word_1_84' title='bbox 294 1326 404 1388; x_wconf 81' lang='lat' dir='ltr'><strong>mtffos</strong></span> <span class='ocrx_word' id='word_1_85' title='bbox 423 1325 579 1388; x_wconf 81' lang='lat' dir='ltr'><strong>adversus</strong></span> <span class='ocrx_word' id='word_1_86' title='bbox 600 1345 634 1384; x_wconf 86' lang='lat' dir='ltr'><strong>ee</strong></span> <span class='ocrx_word' id='word_1_87' title='bbox 650 1325 751 1384; x_wconf 87' lang='lat' dir='ltr'><strong>Roma</strong></span> <span class='ocrx_word' id='word_1_88' title='bbox 770 1323 889 1385; x_wconf 78' lang='lat' dir='ltr'><strong>milites</strong></span> <span class='ocrx_word' id='word_1_89' title='bbox 907 1324 1060 1394; x_wconf 86' lang='lat' dir='ltr'><strong>credunt,</strong></span> <span class='ocrx_word' id='word_1_90' title='bbox 1086 1339 1202 1386; x_wconf 91' lang='lat' dir='ltr'><strong>mutuo</strong></span> <span class='ocrx_word' id='word_1_91' title='bbox 1221 1345 1284 1384; x_wconf 89' lang='lat' dir='ltr'><strong>cmu</strong></span> 
     </span>
     <span class='ocr_line' id='line_1_15' title="bbox 295 1405 1286 1488; baseline -0.002 -20"><span class='ocrx_word' id='word_1_92' title='bbox 295 1421 383 1468; x_wconf 85' lang='lat' dir='ltr'><strong>metu</strong></span> <span class='ocrx_word' id='word_1_93' title='bbox 403 1427 438 1468; x_wconf 89' lang='lat' dir='ltr'><strong>sc</strong></span> <span class='ocrx_word' id='word_1_94' title='bbox 457 1419 704 1469; x_wconf 84' lang='lat' dir='ltr'><strong>contuerentur:</strong></span> <span class='ocrx_word' id='word_1_95' title='bbox 737 1425 809 1466; x_wconf 83' lang='lat' dir='ltr'><strong>mox</strong></span> <span class='ocrx_word' id='word_1_96' title='bbox 831 1406 934 1488; x_wconf 90' lang='lat' dir='ltr'><strong>prima</strong></span> <span class='ocrx_word' id='word_1_97' title='bbox 954 1407 1026 1466; x_wconf 88' lang='lat' dir='ltr'><strong>luce</strong></span> <span class='ocrx_word' id='word_1_98' title='bbox 1048 1405 1178 1468; x_wconf 85' lang='lat' dir='ltr'><strong>infestis</strong></span> <span class='ocrx_word' id='word_1_99' title='bbox 1196 1409 1286 1468; x_wconf 83' lang='lat' dir='ltr'><strong>armis</strong></span> 
     </span>
     <span class='ocr_line' id='line_1_16' title="bbox 296 1485 1286 1570; baseline -0.005 -20"><span class='ocrx_word' id='word_1_100' title='bbox 296 1503 542 1550; x_wconf 80' lang='lat' dir='ltr'><strong>concurrerent.</strong></span> <span class='ocrx_word' id='word_1_101' title='bbox 579 1488 684 1549; x_wconf 85' lang='lat' dir='ltr'><strong>donec</strong></span> <span class='ocrx_word' id='word_1_102' title='bbox 701 1485 820 1568; x_wconf 80' lang='lat' dir='ltr'><strong>agniti,</strong></span> <span class='ocrx_word' id='word_1_103' title='bbox 852 1487 1044 1570; x_wconf 79' lang='lat' dir='ltr'><strong>laboresque</strong></span> <span class='ocrx_word' id='word_1_104' title='bbox 1064 1509 1144 1550; x_wconf 88' lang='lat' dir='ltr'><strong>suos</strong></span> <span class='ocrx_word' id='word_1_105' title='bbox 1168 1503 1202 1549; x_wconf 89' lang='lat' dir='ltr'><strong>et</strong></span> <span class='ocrx_word' id='word_1_106' title='bbox 1220 1509 1286 1569; x_wconf 82' lang='lat' dir='ltr'><strong>per-</strong></span> 
     </span>
     <span class='ocr_line' id='line_1_17' title="bbox 296 1567 1289 1639; baseline 0.002 -9"><span class='ocrx_word' id='word_1_107' title='bbox 296 1569 449 1632; x_wconf 62' lang='lat' dir='ltr'><strong>vicaciam</strong></span> <span class='ocrx_word' id='word_1_108' title='bbox 469 1573 631 1631; x_wconf 83' lang='lat' dir='ltr'><strong>Fortunae</strong></span> <span class='ocrx_word' id='word_1_109' title='bbox 652 1568 813 1639; x_wconf 87' lang='lat' dir='ltr'><strong>miserati,</strong></span> <span class='ocrx_word' id='word_1_110' title='bbox 836 1568 975 1630; x_wconf 87' lang='lat' dir='ltr'><strong>diversis</strong></span> <span class='ocrx_word' id='word_1_111' title='bbox 994 1570 1130 1632; x_wconf 80' lang='lat' dir='ltr'><strong>navibus</strong></span> <span class='ocrx_word' id='word_1_112' title='bbox 1155 1567 1289 1632; x_wconf 83' lang='lat' dir='ltr'><strong>altered</strong></span> 
     </span>
    </p>
   </div>
   <div class='ocr_carea' id='block_1_5' title="bbox 296 1650 1024 1736">
    <p class='ocr_par' dir='ltr' id='par_1_6' title="bbox 296 1650 1024 1736">
     <span class='ocr_line' id='line_1_18' title="bbox 296 1650 1024 1736; baseline -0.004 -23"><span class='ocrx_word' id='word_1_113' title='bbox 296 1653 507 1736; x_wconf 75' lang='lat' dir='ltr'><strong>Pompeium,</strong></span> <span class='ocrx_word' id='word_1_114' title='bbox 531 1653 614 1712; x_wconf 89' lang='lat' dir='ltr'><strong>alter</strong></span> <span class='ocrx_word' id='word_1_115' title='bbox 631 1650 671 1722; x_wconf 84' lang='lat' dir='ltr'><strong>ad</strong></span> <span class='ocrx_word' id='word_1_116' title='bbox 687 1654 823 1712; x_wconf 85' lang='lat' dir='ltr'><strong>Brutum</strong></span> <span class='ocrx_word' id='word_1_117' title='bbox 842 1665 1024 1712; x_wconf 88' lang='lat' dir='ltr'><strong>evaserunt.</strong></span> 
     </span>
    </p>
   </div>
   <div class='ocr_carea' id='block_1_6' title="bbox 109 1755 1302 2415">
    <p class='ocr_par' dir='ltr' id='par_1_7' title="bbox 109 1755 1292 2088">
     <span class='ocr_line' id='line_1_19' title="bbox 135 1755 1290 1832; baseline -0.007 -3"><span class='ocrx_word' id='word_1_118' title='bbox 135 1771 278 1829; x_wconf 71' lang='lat' dir='ltr'><strong>Ventidius</strong></span> <span class='ocrx_word' id='word_1_119' title='bbox 358 1761 471 1824; x_wconf 86' lang='lat' dir='ltr'><strong>XCVl.</strong></span> <span class='ocrx_word' id='word_1_120' title='bbox 494 1758 570 1819; x_wconf 89' lang='lat' dir='ltr'><strong>Pari</strong></span> <span class='ocrx_word' id='word_1_121' title='bbox 587 1758 787 1821; x_wconf 81' lang='lat' dir='ltr'><strong>vaframento</strong></span> <span class='ocrx_word' id='word_1_122' title='bbox 804 1773 950 1822; x_wconf 81' lang='lat' dir='ltr'><strong>servatus</strong></span> <span class='ocrx_word' id='word_1_123' title='bbox 968 1755 1012 1819; x_wconf 86' lang='lat' dir='ltr'><strong>cll</strong></span> <span class='ocrx_word' id='word_1_124' title='bbox 1024 1758 1219 1832; x_wconf 84' lang='lat' dir='ltr'><strong>Ventidius,</strong></span> <span class='ocrx_word' id='word_1_125' title='bbox 1239 1760 1290 1822; x_wconf 88' lang='lat' dir='ltr'><strong>scd</strong></span> 
     </span>
     <span class='ocr_line' id='line_1_20' title="bbox 110 1839 1291 1936; baseline -0.002 -32"><span class='ocrx_word' id='word_1_126' title='bbox 110 1841 215 1913; x_wconf 72' lang='lat' dir='ltr'><strong>ingenio</strong></span> <span class='ocrx_word' id='word_1_127' title='bbox 237 1844 272 1894; x_wconf 73' lang='lat'><strong>11⁰·</strong></span> <span class='ocrx_word' id='word_1_128' title='bbox 299 1841 411 1904; x_wconf 87' lang='lat' dir='ltr'><strong>libcrti</strong></span> <span class='ocrx_word' id='word_1_129' title='bbox 427 1841 479 1902; x_wconf 88' lang='lat' dir='ltr'><strong>sui</strong></span> <span class='ocrx_word' id='word_1_130' title='bbox 498 1841 630 1923; x_wconf 81' lang='lat' dir='ltr'><strong>ingenio</strong></span> <span class='ocrx_word' id='word_1_131' title='bbox 647 1857 680 1902; x_wconf 91' lang='lat' dir='ltr'><strong>et</strong></span> <span class='ocrx_word' id='word_1_132' title='bbox 696 1841 777 1914; x_wconf 87' lang='lat' dir='ltr'><strong>lide,</strong></span> <span class='ocrx_word' id='word_1_133' title='bbox 802 1839 856 1936; x_wconf 90' lang='lat' dir='ltr'><strong>qui</strong></span> <span class='ocrx_word' id='word_1_134' title='bbox 872 1856 1058 1924; x_wconf 87' lang='lat' dir='ltr'><strong>patronum,</strong></span> <span class='ocrx_word' id='word_1_135' title='bbox 1082 1842 1291 1925; x_wconf 86' lang='lat' dir='ltr'><strong>simulatque</strong></span> 
     </span>
     <span class='ocr_line' id='line_1_21' title="bbox 109 1914 1291 2007; baseline 0 -23"><span class='ocrx_word' id='word_1_136' title='bbox 109 1914 181 1968; x_wconf 51' lang='lat' dir='ltr'><strong>‘m‘</strong></span> <span class='ocrx_word' id='word_1_137' title='bbox 196 1927 287 1974; x_wconf 67' lang='lat' dir='ltr'><strong>W·</strong></span> <span class='ocrx_word' id='word_1_138' title='bbox 299 1924 518 2007; x_wconf 89' lang='lat' dir='ltr'><strong>proscriptum</strong></span> <span class='ocrx_word' id='word_1_139' title='bbox 540 1917 710 2004; x_wconf 62' lang='lat' dir='ltr'><strong>cngnovit,</strong></span> <span class='ocrx_word' id='word_1_140' title='bbox 740 1937 895 1985; x_wconf 78' lang='lat' dir='ltr'><strong>continuo</strong></span> <span class='ocrx_word' id='word_1_141' title='bbox 916 1923 1081 1998; x_wconf 65' lang='lat' dir='ltr'><strong>cinxerat,</strong></span> <span class='ocrx_word' id='word_1_142' title='bbox 1113 1925 1215 2006; x_wconf 84' lang='lat' dir='ltr'><strong>quasi</strong></span> <span class='ocrx_word' id='word_1_143' title='bbox 1235 1941 1291 1985; x_wconf 88' lang='lat' dir='ltr'><strong>tra-</strong></span> 
     </span>
     <span class='ocr_line' id='line_1_22' title="bbox 110 1993 1292 2088; baseline 0.001 -23"><span class='ocrx_word' id='word_1_144' title='bbox 110 1993 172 2037; x_wconf 66' lang='lat' dir='ltr'><strong>m·</strong></span> <span class='ocrx_word' id='word_1_145' title='bbox 300 2006 441 2066; x_wconf 83' lang='lat' dir='ltr'><strong>dandum</strong></span> <span class='ocrx_word' id='word_1_146' title='bbox 465 2005 724 2088; x_wconf 89' lang='lat' dir='ltr'><strong>percull&#39;cribus:</strong></span> <span class='ocrx_word' id='word_1_147' title='bbox 756 2005 815 2068; x_wconf 84' lang='lat' dir='ltr'><strong>sed</strong></span> <span class='ocrx_word' id='word_1_148' title='bbox 834 2018 949 2076; x_wconf 87' lang='lat' dir='ltr'><strong>noctu,</strong></span> <span class='ocrx_word' id='word_1_149' title='bbox 980 2007 1152 2087; x_wconf 86' lang='lat' dir='ltr'><strong>persuasis</strong></span> <span class='ocrx_word' id='word_1_150' title='bbox 1176 2007 1292 2076; x_wconf 78' lang='lat' dir='ltr'><strong>serris,</strong></span> 
     </span>
    </p>

    <p class='ocr_par' dir='ltr' id='par_1_8' title="bbox 297 2086 1302 2415">
     <span class='ocr_line' id='line_1_23' title="bbox 297 2086 1293 2171; baseline -0.005 -20"><span class='ocrx_word' id='word_1_151' title='bbox 297 2108 368 2150; x_wconf 91' lang='lat' dir='ltr'><strong>cum</strong></span> <span class='ocrx_word' id='word_1_152' title='bbox 387 2087 505 2147; x_wconf 82' lang='lat' dir='ltr'><strong>armata</strong></span> <span class='ocrx_word' id='word_1_153' title='bbox 521 2086 642 2147; x_wconf 79' lang='lat' dir='ltr'><strong>lanitia</strong></span> <span class='ocrx_word' id='word_1_154' title='bbox 658 2101 816 2169; x_wconf 87' lang='lat' dir='ltr'><strong>tamquam</strong></span> <span class='ocrx_word' id='word_1_155' title='bbox 833 2086 1052 2154; x_wconf 86' lang='lat' dir='ltr'><strong>centurionem</strong></span> <span class='ocrx_word' id='word_1_156' title='bbox 1066 2087 1168 2148; x_wconf 87' lang='lat' dir='ltr'><strong>miles</strong></span> <span class='ocrx_word' id='word_1_157' title='bbox 1181 2107 1293 2171; x_wconf 87' lang='lat' dir='ltr'><strong>sequu-</strong></span> 
     </span>
     <span class='ocr_line' id='line_1_24' title="bbox 297 2167 1302 2252; baseline -0.003 -21"><span class='ocrx_word' id='word_1_158' title='bbox 297 2184 350 2231; x_wconf 91' lang='lat' dir='ltr'><strong>tus</strong></span> <span class='ocrx_word' id='word_1_159' title='bbox 376 2167 429 2230; x_wconf 85' lang='lat' dir='ltr'><strong>cll.</strong></span> <span class='ocrx_word' id='word_1_160' title='bbox 462 2181 748 2251; x_wconf 83' lang='lat' dir='ltr'><strong>perveneruntque</strong></span> <span class='ocrx_word' id='word_1_161' title='bbox 775 2168 917 2229; x_wconf 81' lang='lat' dir='ltr'><strong>feliciter</strong></span> <span class='ocrx_word' id='word_1_162' title='bbox 942 2167 975 2226; x_wconf 89' lang='lat' dir='ltr'><strong>in</strong></span> <span class='ocrx_word' id='word_1_163' title='bbox 991 2169 1172 2240; x_wconf 71' lang='lat' dir='ltr'><strong>¹Siciliam,</strong></span> <span class='ocrx_word' id='word_1_164' title='bbox 1205 2191 1302 2252; x_wconf 56' lang='lat' dir='ltr'><strong>quum}</strong></span> 
     </span>
     <span class='ocr_line' id='line_1_25' title="bbox 300 2249 1302 2334; baseline -0.005 -22"><span class='ocrx_word' id='word_1_165' title='bbox 300 2273 397 2334; x_wconf 85' lang='lat' dir='ltr'><strong>saepe</strong></span> <span class='ocrx_word' id='word_1_166' title='bbox 424 2251 458 2310; x_wconf 90' lang='lat' dir='ltr'><strong>in</strong></span> <span class='ocrx_word' id='word_1_167' title='bbox 485 2249 600 2312; x_wconf 88' lang='lat' dir='ltr'><strong>eodem</strong></span> <span class='ocrx_word' id='word_1_168' title='bbox 622 2249 807 2312; x_wconf 85' lang='lat' dir='ltr'><strong>diversorio</strong></span> <span class='ocrx_word' id='word_1_169' title='bbox 828 2269 900 2312; x_wconf 81' lang='lat' dir='ltr'><strong>curn</strong></span> <span class='ocrx_word' id='word_1_170' title='bbox 918 2249 1006 2310; x_wconf 83' lang='lat' dir='ltr'><strong>veria</strong></span> <span class='ocrx_word' id='word_1_171' title='bbox 1024 2251 1302 2314; x_wconf 68' lang='lat' dir='ltr'><strong>centurionibusn</strong></span> 
     </span>
     <span class='ocr_line' id='line_1_26' title="bbox 300 2322 1105 2415; baseline -0.002 -19"><span class='ocrx_word' id='word_1_172' title='bbox 300 2333 491 2400; x_wconf 84' lang='lat' dir='ltr'><strong>Ventidium</strong></span> <span class='ocrx_word' id='word_1_173' title='bbox 514 2332 764 2415; x_wconf 81' lang='lat' dir='ltr'><strong>quaerentibus,</strong></span> <span class='ocrx_word' id='word_1_174' title='bbox 788 2331 1033 2415; x_wconf 79' lang='lat' dir='ltr'><strong>pernoctallent.</strong></span> <span class='ocrx_word' id='word_1_175' title='bbox 1095 2322 1105 2352; x_wconf 74' lang='lat'>⁸</span> 
     </span>
    </p>
   </div>
   <div class='ocr_carea' id='block_1_7' title="bbox 52 2435 1301 3591">
    <p class='ocr_par' dir='ltr' id='par_1_9' title="bbox 52 2435 1301 3591">
     <span class='ocr_line' id='line_1_27' title="bbox 52 2435 1299 2534; baseline -0.005 -30"><span class='ocrx_word' id='word_1_176' title='bbox 52 2459 56 2468; x_wconf 92' lang='grc'><strong>’</strong></span> <span class='ocrx_word' id='word_1_177' title='bbox 120 2447 291 2521; x_wconf 66' lang='lat' dir='ltr'><strong>metellus,</strong></span> <span class='ocrx_word' id='word_1_178' title='bbox 365 2441 491 2504; x_wconf 85' lang='lat' dir='ltr'><strong>XCVll.</strong></span> <span class='ocrx_word' id='word_1_179' title='bbox 521 2441 565 2499; x_wconf 84' lang='grc' dir='ltr'><strong>Μ.</strong></span> <span class='ocrx_word' id='word_1_180' title='bbox 586 2437 741 2502; x_wconf 82' lang='lat' dir='ltr'><strong>Volusius</strong></span> <span class='ocrx_word' id='word_1_181' title='bbox 766 2435 882 2500; x_wconf 84' lang='lat' dir='ltr'><strong>aedilis</strong></span> <span class='ocrx_word' id='word_1_182' title='bbox 905 2439 1011 2522; x_wconf 82' lang='lat' dir='ltr'><strong>plebis</strong></span> <span class='ocrx_word' id='word_1_183' title='bbox 1033 2451 1176 2534; x_wconf 80' lang='lat' dir='ltr'><strong>recepta</strong></span> <span class='ocrx_word' id='word_1_184' title='bbox 1200 2459 1299 2521; x_wconf 88' lang='lat' dir='ltr'><strong>nuper</strong></span> 
     </span>
     <span class='ocr_line' id='line_1_28' title="bbox 110 2519 1299 2604; baseline -0.004 -18"><span class='ocrx_word' id='word_1_185' title='bbox 110 2521 289 2604; x_wconf 51' lang='lat' dir='ltr'><strong>Rebilum-⁴7·</strong></span> <span class='ocrx_word' id='word_1_186' title='bbox 304 2519 529 2604; x_wconf 86' lang='lat' dir='ltr'><strong>superstitione</strong></span> <span class='ocrx_word' id='word_1_187' title='bbox 548 2520 644 2581; x_wconf 87' lang='lat' dir='ltr'><strong>lsidis</strong></span> <span class='ocrx_word' id='word_1_188' title='bbox 663 2520 703 2580; x_wconf 87' lang='lat' dir='ltr'><strong>ed</strong></span> <span class='ocrx_word' id='word_1_189' title='bbox 724 2521 858 2582; x_wconf 88' lang='lat' dir='ltr'><strong>salutem</strong></span> <span class='ocrx_word' id='word_1_190' title='bbox 879 2521 995 2582; x_wconf 83' lang='lat' dir='ltr'><strong>abusus</strong></span> <span class='ocrx_word' id='word_1_191' title='bbox 1014 2519 1068 2582; x_wconf 86' lang='lat' dir='ltr'><strong>ell.</strong></span> <span class='ocrx_word' id='word_1_192' title='bbox 1104 2521 1200 2582; x_wconf 81' lang='lat' dir='ltr'><strong>lanea</strong></span> <span class='ocrx_word' id='word_1_193' title='bbox 1221 2524 1299 2582; x_wconf 88' lang='lat' dir='ltr'><strong>enim</strong></span> 
     </span>
     <span class='ocr_line' id='line_1_29' title="bbox 109 2589 1297 2686; baseline -0.002 -22"><span class='ocrx_word' id='word_1_194' title='bbox 109 2589 288 2674; x_wconf 55' lang='lat' dir='ltr'><strong>t’l&#39;mss&#39;mfi&#39;</strong></span> <span class='ocrx_word' id='word_1_195' title='bbox 303 2603 379 2665; x_wconf 85' lang='lat' dir='ltr'><strong>stola</strong></span> <span class='ocrx_word' id='word_1_196' title='bbox 404 2621 476 2665; x_wconf 92' lang='lat' dir='ltr'><strong>cum</strong></span> <span class='ocrx_word' id='word_1_197' title='bbox 500 2623 640 2686; x_wconf 90' lang='lat' dir='ltr'><strong>persona</strong></span> <span class='ocrx_word' id='word_1_198' title='bbox 660 2603 826 2684; x_wconf 86' lang='lat' dir='ltr'><strong>canicipiti</strong></span> <span class='ocrx_word' id='word_1_199' title='bbox 847 2606 885 2664; x_wconf 90' lang='lat' dir='ltr'><strong>ab</strong></span> <span class='ocrx_word' id='word_1_200' title='bbox 906 2603 1009 2664; x_wconf 86' lang='lat' dir='ltr'><strong>amico</strong></span> <span class='ocrx_word' id='word_1_201' title='bbox 1024 2604 1128 2664; x_wconf 88' lang='lat' dir='ltr'><strong>lsiacc</strong></span> <span class='ocrx_word' id='word_1_202' title='bbox 1157 2618 1297 2685; x_wconf 83' lang='lat' dir='ltr'><strong>sumpta,</strong></span> 
     </span>
     <span class='ocr_line' id='line_1_30' title="bbox 107 2659 1301 2770; baseline 0.001 -25"><span class='ocrx_word' id='word_1_203' title='bbox 107 2659 207 2716; x_wconf 57' lang='lat'><strong>&#39;&#39;⁰³¹&#39;‘</strong></span> <span class='ocrx_word' id='word_1_204' title='bbox 303 2705 364 2770; x_wconf 88' lang='lat' dir='ltr'><strong>per</strong></span> <span class='ocrx_word' id='word_1_205' title='bbox 391 2685 509 2746; x_wconf 89' lang='lat' dir='ltr'><strong>itinera</strong></span> <span class='ocrx_word' id='word_1_206' title='bbox 537 2685 671 2768; x_wconf 89' lang='lat' dir='ltr'><strong>viasque</strong></span> <span class='ocrx_word' id='word_1_207' title='bbox 697 2685 842 2767; x_wconf 89' lang='lat' dir='ltr'><strong>publicas</strong></span> <span class='ocrx_word' id='word_1_208' title='bbox 872 2685 982 2768; x_wconf 87' lang='lat' dir='ltr'><strong>llipem</strong></span> <span class='ocrx_word' id='word_1_209' title='bbox 1033 2699 1149 2754; x_wconf 88' lang='lat' dir='ltr'><strong>etens,</strong></span> <span class='ocrx_word' id='word_1_210' title='bbox 1191 2686 1301 2746; x_wconf 63' lang='lat' dir='ltr'><strong>evasit.</strong></span> 
     </span>
     <span class='ocr_line' id='line_1_31' title="bbox 302 2707 1301 2840; baseline -0.004 -11"><span class='ocrx_word' id='word_1_211' title='bbox 302 2767 454 2829; x_wconf 86' lang='lat' dir='ltr'><strong>Rebilum</strong></span> <span class='ocrx_word' id='word_1_212' title='bbox 484 2765 615 2828; x_wconf 84' lang='lat' dir='ltr'><strong>audacia</strong></span> <span class='ocrx_word' id='word_1_213' title='bbox 644 2767 805 2840; x_wconf 80' lang='lat' dir='ltr'><strong>servarit,</strong></span> <span class='ocrx_word' id='word_1_214' title='bbox 839 2782 871 2828; x_wconf 89' lang='lat' dir='ltr'><strong>ct</strong></span> <span class='ocrx_word' id='word_1_215' title='bbox 892 2707 1116 2830; x_wconf 67' lang='lat' dir='ltr'><strong>Themiboclis</strong></span> <span class='ocrx_word' id='word_1_216' title='bbox 1151 2768 1301 2828; x_wconf 87' lang='lat' dir='ltr'><strong>imitatio.</strong></span> 
     </span>
     <span class='ocr_line' id='line_1_32' title="bbox 303 2847 1301 2933; baseline -0.005 -22"><span class='ocrx_word' id='word_1_217' title='bbox 303 2850 496 2911; x_wconf 85' lang='lat' dir='ltr'><strong>Nauclerum</strong></span> <span class='ocrx_word' id='word_1_218' title='bbox 524 2849 628 2920; x_wconf 88' lang='lat' dir='ltr'><strong>cuim,</strong></span> <span class='ocrx_word' id='word_1_219' title='bbox 662 2847 717 2930; x_wconf 93' lang='lat' dir='ltr'><strong>qui</strong></span> <span class='ocrx_word' id='word_1_220' title='bbox 745 2851 914 2932; x_wconf 86' lang='lat' dir='ltr'><strong>pecuniam</strong></span> <span class='ocrx_word' id='word_1_221' title='bbox 945 2849 984 2908; x_wconf 89' lang='lat' dir='ltr'><strong>ab</strong></span> <span class='ocrx_word' id='word_1_222' title='bbox 1012 2869 1052 2912; x_wconf 90' lang='lat' dir='ltr'><strong>eo</strong></span> <span class='ocrx_word' id='word_1_223' title='bbox 1079 2849 1240 2933; x_wconf 86' lang='lat' dir='ltr'><strong>petebat,</strong></span> <span class='ocrx_word' id='word_1_224' title='bbox 1271 2847 1301 2919; x_wconf 63' lang='lat' dir='ltr'><strong>nit</strong></span> 
     </span>
     <span class='ocr_line' id='line_1_33' title="bbox 303 2927 1300 3026; baseline 0 -36"><span class='ocrx_word' id='word_1_225' title='bbox 303 2929 401 3026; x_wconf 81' lang='lat' dir='ltr'><strong>prodi</strong></span> <span class='ocrx_word' id='word_1_226' title='bbox 418 2930 536 3002; x_wconf 83' lang='lat' dir='ltr'><strong>mallet,</strong></span> <span class='ocrx_word' id='word_1_227' title='bbox 560 2930 675 2992; x_wconf 90' lang='lat' dir='ltr'><strong>eodem</strong></span> <span class='ocrx_word' id='word_1_228' title='bbox 691 2947 873 2995; x_wconf 86' lang='lat' dir='ltr'><strong>commento</strong></span> <span class='ocrx_word' id='word_1_229' title='bbox 889 2927 1017 3004; x_wconf 89' lang='lat' dir='ltr'><strong>terruit,</strong></span> <span class='ocrx_word' id='word_1_230' title='bbox 1040 2951 1076 2993; x_wconf 88' lang='lat' dir='ltr'><strong>se</strong></span> <span class='ocrx_word' id='word_1_231' title='bbox 1097 2929 1300 2992; x_wconf 77' lang='lat' dir='ltr'><strong>denuncians</strong></span> 
     </span>
     <span class='ocr_line' id='line_1_34' title="bbox 305 3010 1300 3098; baseline 0.001 -27"><span class='ocrx_word' id='word_1_232' title='bbox 305 3010 537 3084; x_wconf 77' lang='lat' dir='ltr'><strong>indicaturum,</strong></span> <span class='ocrx_word' id='word_1_233' title='bbox 562 3011 650 3096; x_wconf 89' lang='lat' dir='ltr'><strong>quod</strong></span> <span class='ocrx_word' id='word_1_234' title='bbox 664 3013 798 3098; x_wconf 86' lang='lat' dir='ltr'><strong>adcepta</strong></span> <span class='ocrx_word' id='word_1_235' title='bbox 814 3011 949 3098; x_wconf 87' lang='lat' dir='ltr'><strong>pecunia</strong></span> <span class='ocrx_word' id='word_1_236' title='bbox 965 3013 1195 3098; x_wconf 90' lang='lat' dir='ltr'><strong>proscriptum</strong></span> <span class='ocrx_word' id='word_1_237' title='bbox 1211 3012 1300 3072; x_wconf 88' lang='lat' dir='ltr'><strong>vehe-</strong></span> 
     </span>
     <span class='ocr_line' id='line_1_35' title="bbox 305 3093 1300 3180; baseline -0.002 -26"><span class='ocrx_word' id='word_1_238' title='bbox 305 3105 368 3154; x_wconf 82' lang='lat' dir='ltr'><strong>ret.</strong></span> <span class='ocrx_word' id='word_1_239' title='bbox 412 3093 467 3156; x_wconf 88' lang='lat' dir='ltr'><strong>Sic</strong></span> <span class='ocrx_word' id='word_1_240' title='bbox 486 3117 502 3155; x_wconf 89' lang='lat' dir='ltr'><strong>a</strong></span> <span class='ocrx_word' id='word_1_241' title='bbox 520 3095 637 3156; x_wconf 90' lang='lat' dir='ltr'><strong>territo</strong></span> <span class='ocrx_word' id='word_1_242' title='bbox 655 3111 829 3178; x_wconf 85' lang='lat' dir='ltr'><strong>pervectus</strong></span> <span class='ocrx_word' id='word_1_243' title='bbox 850 3099 887 3160; x_wconf 84' lang='lat' dir='ltr'><strong>ud</strong></span> <span class='ocrx_word' id='word_1_244' title='bbox 904 3095 1092 3180; x_wconf 80' lang='lat' dir='ltr'><strong>Pompeium</strong></span> <span class='ocrx_word' id='word_1_245' title='bbox 1111 3093 1162 3158; x_wconf 90' lang='lat' dir='ltr'><strong>ell</strong></span> <span class='ocrx_word' id='word_1_246' title='bbox 1181 3093 1300 3156; x_wconf 82' lang='lat' dir='ltr'><strong>incolu-</strong></span> 
     </span>
     <span class='ocr_line' id='line_1_36' title="bbox 307 3173 1300 3262; baseline -0.002 -26"><span class='ocrx_word' id='word_1_247' title='bbox 307 3173 381 3236; x_wconf 86' lang='lat' dir='ltr'><strong>mis.</strong></span> <span class='ocrx_word' id='word_1_248' title='bbox 431 3175 576 3260; x_wconf 79' lang='lat' dir='ltr'><strong>Appius,</strong></span> <span class='ocrx_word' id='word_1_249' title='bbox 606 3199 686 3262; x_wconf 87' lang='lat' dir='ltr'><strong>opes</strong></span> <span class='ocrx_word' id='word_1_250' title='bbox 709 3199 782 3239; x_wconf 88' lang='lat' dir='ltr'><strong>suas</strong></span> <span class='ocrx_word' id='word_1_251' title='bbox 805 3179 931 3244; x_wconf 85' lang='lat' dir='ltr'><strong>famulis</strong></span> <span class='ocrx_word' id='word_1_252' title='bbox 953 3177 1123 3251; x_wconf 81' lang='lat' dir='ltr'><strong>dividens,</strong></span> <span class='ocrx_word' id='word_1_253' title='bbox 1159 3174 1300 3239; x_wconf 87' lang='lat' dir='ltr'><strong>cumbis</strong></span> 
     </span>
     <span class='ocr_line' id='line_1_37' title="bbox 306 3256 1300 3346; baseline -0.002 -26"><span class='ocrx_word' id='word_1_254' title='bbox 306 3257 342 3320; x_wconf 89' lang='lat' dir='ltr'><strong>in</strong></span> <span class='ocrx_word' id='word_1_255' title='bbox 361 3256 504 3324; x_wconf 86' lang='lat' dir='ltr'><strong>Siciliam</strong></span> <span class='ocrx_word' id='word_1_256' title='bbox 524 3259 703 3343; x_wconf 84' lang='lat' dir='ltr'><strong>navigabat.</strong></span> <span class='ocrx_word' id='word_1_257' title='bbox 756 3261 803 3322; x_wconf 91' lang='lat' dir='ltr'><strong>lbi</strong></span> <span class='ocrx_word' id='word_1_258' title='bbox 827 3259 1011 3346; x_wconf 81' lang='lat' dir='ltr'><strong>tempestate</strong></span> <span class='ocrx_word' id='word_1_259' title='bbox 1037 3274 1178 3332; x_wconf 86' lang='lat' dir='ltr'><strong>exorta,</strong></span> <span class='ocrx_word' id='word_1_260' title='bbox 1211 3279 1300 3343; x_wconf 86' lang='lat' dir='ltr'><strong>pecu·</strong></span> 
     </span>
     <span class='ocr_line' id='line_1_38' title="bbox 307 3335 1300 3438; baseline -0.002 -36"><span class='ocrx_word' id='word_1_261' title='bbox 307 3339 381 3402; x_wconf 89' lang='lat' dir='ltr'><strong>niae</strong></span> <span class='ocrx_word' id='word_1_262' title='bbox 413 3340 592 3412; x_wconf 86' lang='lat' dir='ltr'><strong>inhiantes,</strong></span> <span class='ocrx_word' id='word_1_263' title='bbox 635 3342 791 3422; x_wconf 85' lang='lat' dir='ltr'><strong>jullerunt</strong></span> <span class='ocrx_word' id='word_1_264' title='bbox 815 3367 903 3435; x_wconf 58' lang='lat' dir='ltr'><strong>⁸eum</strong></span> <span class='ocrx_word' id='word_1_265' title='bbox 944 3345 977 3402; x_wconf 90' lang='lat' dir='ltr'><strong>in</strong></span> <span class='ocrx_word' id='word_1_266' title='bbox 1012 3340 1171 3438; x_wconf 78' lang='lat' dir='ltr'><strong>sca&#39;pbam</strong></span> <span class='ocrx_word' id='word_1_267' title='bbox 1212 3335 1300 3403; x_wconf 64' lang='lat' dir='ltr'><strong>tutiol</strong></span> 
     </span>
     <span class='ocr_line' id='line_1_39' title="bbox 308 3421 1300 3508; baseline -0.001 -26"><span class='ocrx_word' id='word_1_268' title='bbox 308 3441 378 3483; x_wconf 88' lang='lat' dir='ltr'><strong>rem</strong></span> <span class='ocrx_word' id='word_1_269' title='bbox 403 3421 616 3486; x_wconf 88' lang='lat' dir='ltr'><strong>descendere.</strong></span> <span class='ocrx_word' id='word_1_270' title='bbox 654 3437 687 3486; x_wconf 88' lang='lat' dir='ltr'><strong>et</strong></span> <span class='ocrx_word' id='word_1_271' title='bbox 714 3425 794 3488; x_wconf 84' lang='lat' dir='ltr'><strong>favit</strong></span> <span class='ocrx_word' id='word_1_272' title='bbox 817 3429 848 3489; x_wconf 80' lang='lat' dir='ltr'><strong>ei</strong></span> <span class='ocrx_word' id='word_1_273' title='bbox 872 3425 1019 3494; x_wconf 76' lang='lat' dir='ltr'><strong>fortuna,</strong></span> <span class='ocrx_word' id='word_1_274' title='bbox 1050 3425 1300 3508; x_wconf 68' lang='lat' dir='ltr'><strong>simulatumque</strong></span> 
     </span>
     <span class='ocr_line' id='line_1_40' title="bbox 309 3501 1300 3591; baseline -0.004 -26"><span class='ocrx_word' id='word_1_275' title='bbox 309 3504 461 3565; x_wconf 83' lang='lat' dir='ltr'><strong>auxilium</strong></span> <span class='ocrx_word' id='word_1_276' title='bbox 481 3527 588 3568; x_wconf 86' lang='lat' dir='ltr'><strong>veram</strong></span> <span class='ocrx_word' id='word_1_277' title='bbox 609 3507 641 3568; x_wconf 91' lang='lat' dir='ltr'><strong>ei</strong></span> <span class='ocrx_word' id='word_1_278' title='bbox 661 3507 912 3572; x_wconf 87' lang='lat' dir='ltr'><strong>incolumitatem</strong></span> <span class='ocrx_word' id='word_1_279' title='bbox 930 3501 1104 3591; x_wconf 86' lang='lat' dir='ltr'><strong>praellitit,</strong></span> <span class='ocrx_word' id='word_1_280' title='bbox 1129 3505 1168 3566; x_wconf 88' lang='lat' dir='ltr'><strong>in</strong></span> <span class='ocrx_word' id='word_1_281' title='bbox 1193 3503 1300 3589; x_wconf 85' lang='lat' dir='ltr'><strong>scapll</strong></span> 
     </span>
    </p>
   </div>
   <div class='ocr_carea' id='block_1_8' title="bbox 309 3584 1299 3730">
    <p class='ocr_par' dir='ltr' id='par_1_10' title="bbox 309 3584 1299 3730">
     <span class='ocr_line' id='line_1_41' title="bbox 309 3584 1299 3673; baseline 0 -26"><span class='ocrx_word' id='word_1_282' title='bbox 309 3595 548 3669; x_wconf 86' lang='lat' dir='ltr'><strong>transportato,</strong></span> <span class='ocrx_word' id='word_1_283' title='bbox 565 3608 675 3673; x_wconf 80' lang='lat' dir='ltr'><strong>quum</strong></span> <span class='ocrx_word' id='word_1_284' title='bbox 698 3591 822 3652; x_wconf 87' lang='lat' dir='ltr'><strong>interea</strong></span> <span class='ocrx_word' id='word_1_285' title='bbox 842 3608 954 3654; x_wconf 87' lang='lat' dir='ltr'><strong>navem</strong></span> <span class='ocrx_word' id='word_1_286' title='bbox 975 3584 1091 3650; x_wconf 85' lang='lat' dir='ltr'><strong>fluctus</strong></span> <span class='ocrx_word' id='word_1_287' title='bbox 1110 3587 1299 3651; x_wconf 69' lang='lat' dir='ltr'><strong>absortum</strong></span> 
     </span>
     <span class='ocr_line' id='line_1_42' title="bbox 312 3681 396 3730; baseline -0.036 0"><span class='ocrx_word' id='word_1_288' title='bbox 312 3681 396 3730; x_wconf 85' lang='lat' dir='ltr'><strong>sent.</strong></span> 
     </span>
    </p>
   </div>
   <div class='ocr_carea' id='block_1_9' title="bbox 59 3759 1299 4018">
    <p class='ocr_par' dir='ltr' id='par_1_11' title="bbox 59 3759 1299 4038">
     <span class='ocr_line' id='line_1_43' title="bbox 143 3759 1299 3852; baseline 0.003 -26"><span class='ocrx_word' id='word_1_289' title='bbox 143 3773 301 3844; x_wconf 68' lang='lat' dir='ltr'><strong>talparum</strong></span> <span class='ocrx_word' id='word_1_290' title='bbox 374 3765 516 3828; x_wconf 85' lang='lat' dir='ltr'><strong>XCVlll.</strong></span> <span class='ocrx_word' id='word_1_291' title='bbox 546 3771 589 3830; x_wconf 86' lang='lat' dir='ltr'><strong>Et</strong></span> <span class='ocrx_word' id='word_1_292' title='bbox 612 3767 673 3831; x_wconf 86' lang='lat' dir='ltr'><strong>hos¹</strong></span> <span class='ocrx_word' id='word_1_293' title='bbox 697 3767 827 3852; x_wconf 85' lang='lat' dir='ltr'><strong>quidem</strong></span> <span class='ocrx_word' id='word_1_294' title='bbox 853 3766 994 3830; x_wconf 79' lang='lat' dir='ltr'><strong>servavit</strong></span> <span class='ocrx_word' id='word_1_295' title='bbox 1014 3759 1102 3852; x_wconf 82' lang='lat' dir='ltr'><strong>luga.</strong></span> <span class='ocrx_word' id='word_1_296' title='bbox 1124 3843 1126 3848; x_wconf 15' lang='grc' dir='ltr'><strong><em>Α</em></strong></span> <span class='ocrx_word' id='word_1_297' title='bbox 1147 3767 1299 3832; x_wconf 77' lang='lat' dir='ltr'><strong>Nonnull‘</strong></span> 
     </span>
     <span class='ocr_line' id='line_1_44' title="bbox 59 3843 1295 3947; baseline 0.001 -36"><span class='ocrx_word' id='word_1_298' title='bbox 59 3862 62 3878; x_wconf 87' lang='lat'><strong>¹</strong></span> <span class='ocrx_word' id='word_1_299' title='bbox 126 3843 375 3947; x_wconf 60' lang='lat' dir='ltr'><strong>ltlfllfmmper</strong></span> <span class='ocrx_word' id='word_1_300' title='bbox 398 3847 518 3910; x_wconf 89' lang='lat' dir='ltr'><strong>inculta</strong></span> <span class='ocrx_word' id='word_1_301' title='bbox 541 3871 745 3935; x_wconf 88' lang='lat' dir='ltr'><strong>camporum,</strong></span> <span class='ocrx_word' id='word_1_302' title='bbox 777 3865 830 3914; x_wconf 89' lang='lat' dir='ltr'><strong>aut</strong></span> <span class='ocrx_word' id='word_1_303' title='bbox 857 3853 952 3913; x_wconf 86' lang='lat' dir='ltr'><strong>etiam</strong></span> <span class='ocrx_word' id='word_1_304' title='bbox 979 3852 1012 3944; x_wconf 87' lang='lat' dir='ltr'><strong>in</strong></span> <span class='ocrx_word' id='word_1_305' title='bbox 1035 3849 1227 3934; x_wconf 88' lang='lat' dir='ltr'><strong>sepulcris,</strong></span> <span class='ocrx_word' id='word_1_306' title='bbox 1260 3871 1295 3912; x_wconf 85' lang='lat' dir='ltr'><strong>re</strong></span> 
     </span>
     <span class='ocr_line' id='line_1_45' title="bbox 127 3911 1299 4018; baseline 0.002 -25"><span class='ocrx_word' id='word_1_307' title='bbox 127 3911 249 3982; x_wconf 55' lang='grc' dir='ltr'><strong>ΨΜ·</strong></span> <span class='ocrx_word' id='word_1_308' title='bbox 313 3953 384 4018; x_wconf 78' lang='lat' dir='ltr'><strong>ipsa</strong></span> <span class='ocrx_word' id='word_1_309' title='bbox 402 3930 483 3992; x_wconf 89' lang='lat' dir='ltr'><strong>urbe</strong></span> <span class='ocrx_word' id='word_1_310' title='bbox 503 3931 676 4008; x_wconf 84' lang='lat' dir='ltr'><strong>latitantes,</strong></span> <span class='ocrx_word' id='word_1_311' title='bbox 698 3933 860 4018; x_wconf 89' lang='lat' dir='ltr'><strong>pacatiora</strong></span> <span class='ocrx_word' id='word_1_312' title='bbox 878 3945 1066 4015; x_wconf 84' lang='lat' dir='ltr'><strong>exspectare</strong></span> <span class='ocrx_word' id='word_1_313' title='bbox 1083 3943 1239 4018; x_wconf 85' lang='lat' dir='ltr'><strong>tempora</strong></span> <span class='ocrx_word' id='word_1_314' title='bbox 1252 3951 1299 4017; x_wconf 67' lang='lat' dir='ltr'><strong>pot</strong></span> 
     </span>
    </p>
   </div>
   <div class='ocr_carea' id='block_1_10' title="bbox 314 4111 1298 4265">
    <p class='ocr_par' dir='ltr' id='par_1_12' title="bbox 314 4089 1299 4265">
     <span class='ocr_line' id='line_1_46' title="bbox 338 4111 1298 4204; baseline -0.005 -29"><span class='ocrx_word' id='word_1_315' title='bbox 338 4117 423 4202; x_wconf 41' lang='lat' dir='ltr'><strong>,Cap</strong></span> <span class='ocrx_word' id='word_1_316' title='bbox 438 4117 527 4204; x_wconf 75' lang='lat' dir='ltr'><strong>XCV.</strong></span> <span class='ocrx_word' id='word_1_317' title='bbox 547 4111 674 4204; x_wconf 77' lang='lat' dir='ltr'><strong>Appias.</strong></span> <span class='ocrx_word' id='word_1_318' title='bbox 708 4123 780 4194; x_wconf 82' lang='lat' dir='ltr'><strong>cap.</strong></span> <span class='ocrx_word' id='word_1_319' title='bbox 798 4113 915 4178; x_wconf 84' lang='lat' dir='ltr'><strong>xcvtt.</strong></span> <span class='ocrx_word' id='word_1_320' title='bbox 933 4119 1001 4175; x_wconf 87' lang='lat' dir='ltr'><strong>Val.</strong></span> <span class='ocrx_word' id='word_1_321' title='bbox 1018 4117 1094 4177; x_wconf 78' lang='lat' dir='ltr'><strong>Max.</strong></span> <span class='ocrx_word' id='word_1_322' title='bbox 1108 4139 1139 4186; x_wconf 79' lang='lat'><strong>7,</strong></span> <span class='ocrx_word' id='word_1_323' title='bbox 1158 4123 1189 4179; x_wconf 80' lang='grc'><strong>3.</strong></span> <span class='ocrx_word' id='word_1_324' title='bbox 1208 4125 1238 4176; x_wconf 82' lang='lat' dir='ltr'><strong>et</strong></span> <span class='ocrx_word' id='word_1_325' title='bbox 1254 4119 1298 4196; x_wconf 79' lang='lat' dir='ltr'><strong>Ap.</strong></span> 
     </span>
     <span class='ocr_line' id='line_1_47' title="bbox 314 4187 1298 4265; baseline 0.006 -23"><span class='ocrx_word' id='word_1_326' title='bbox 314 4205 396 4260; x_wconf 77' lang='lat' dir='ltr'><strong>paen.</strong></span> <span class='ocrx_word' id='word_1_327' title='bbox 413 4193 482 4246; x_wconf 85' lang='lat' dir='ltr'><strong>Dte.</strong></span> <span class='ocrx_word' id='word_1_328' title='bbox 504 4189 630 4265; x_wconf 79' lang='lat' dir='ltr'><strong>sppm.</strong></span> <span class='ocrx_word' id='word_1_329' title='bbox 646 4197 676 4247; x_wconf 83' lang='lat' dir='ltr'><strong>et</strong></span> <span class='ocrx_word' id='word_1_330' title='bbox 688 4189 756 4250; x_wconf 75' lang='lat' dir='ltr'><strong>vat.</strong></span> <span class='ocrx_word' id='word_1_331' title='bbox 771 4189 849 4248; x_wconf 84' lang='lat' dir='ltr'><strong>Max.</strong></span> <span class='ocrx_word' id='word_1_332' title='bbox 869 4188 998 4262; x_wconf 73' lang='lat' dir='ltr'><strong>Thucyd.</strong></span> <span class='ocrx_word' id='word_1_333' title='bbox 1013 4187 1034 4247; x_wconf 86' lang='lat' dir='ltr'><strong>l.</strong></span> <span class='ocrx_word' id='word_1_334' title='bbox 1049 4209 1075 4246; x_wconf 86' lang='grc' dir='ltr'><strong>ι.</strong></span> <span class='ocrx_word' id='word_1_335' title='bbox 1090 4189 1231 4263; x_wconf 71' lang='lat' dir='ltr'><strong>Appiam</strong></span> <span class='ocrx_word' id='word_1_336' title='bbox 1297 4243 1298 4264; x_wconf 61' lang='lat'><strong>,</strong></span> 
     </span>
    </p>
   </div>
   <div class='ocr_carea' id='block_1_11' title="bbox 0 0 1323 4696">
    <p class='ocr_par' dir='ltr' id='par_1_13' title="bbox 0 0 1323 4696">
     <span class='ocr_line' id='line_1_48' title="bbox 0 0 1323 4696; baseline 0 0"><span class='ocrx_word' id='word_1_337' title='bbox 0 0 1323 4696; x_wconf 95' lang='lat' dir='ltr'><strong> </strong></span> 
     </span>
    </p>
   </div>
  </div>
 </body>
</html>
