<?xml version="1.0" encoding="UTF-8"?>
<!DOCTYPE html PUBLIC "-//W3C//DTD XHTML 1.0 Transitional//EN"
    "http://www.w3.org/TR/xhtml1/DTD/xhtml1-transitional.dtd">
<html xmlns="http://www.w3.org/1999/xhtml" xml:lang="en" lang="en">
 <head>
  <title>
</title>
<meta http-equiv="Content-Type" content="text/html;charset=utf-8" />
  <meta name='ocr-system' content='tesseract 3.04.00' />
  <meta name='ocr-capabilities' content='ocr_page ocr_carea ocr_par ocr_line ocrx_word'/>
</head>
<body>
  <div class='ocr_page' id='page_1' title='image "./tliviipatavinih02drakgoog_0181.png"; bbox 0 0 2588 4688; ppageno 0'>
   <div class='ocr_carea' id='block_1_1' title="bbox 1040 83 1050 120">
    <p class='ocr_par' dir='ltr' id='par_1_1' title="bbox 1040 83 1050 120">
     <span class='ocr_line' id='line_1_1' title="bbox 1040 83 1050 120; baseline 0 0"><span class='ocrx_word' id='word_1_1' title='bbox 1040 83 1050 120; x_wconf 81' lang='lat' dir='ltr'><strong>l</strong></span> 
     </span>
    </p>
   </div>
   <div class='ocr_carea' id='block_1_2' title="bbox 326 295 1277 408">
    <p class='ocr_par' dir='ltr' id='par_1_2' title="bbox 326 295 1277 408">
     <span class='ocr_line' id='line_1_2' title="bbox 326 295 1277 408; baseline 0 -42"><span class='ocrx_word' id='word_1_2' title='bbox 326 307 384 384; x_wconf 75' lang='lat' dir='ltr'><strong>17ss</strong></span> <span class='ocrx_word' id='word_1_3' title='bbox 413 295 1277 408; x_wconf 67' lang='lat' dir='ltr'><strong>rnstnstt.SUPPLEmnNrottuntnrs.pxx1tt</strong></span> 
     </span>
    </p>
   </div>
   <div class='ocr_carea' id='block_1_3' title="bbox 151 485 1287 762">
    <p class='ocr_par' dir='ltr' id='par_1_3' title="bbox 151 485 1287 762">
     <span class='ocr_line' id='line_1_3' title="bbox 152 485 1286 598; baseline 0.011 -30"><span class='ocrx_word' id='word_1_4' title='bbox 152 511 188 570; x_wconf 81' lang='lat' dir='ltr'><strong>il.</strong></span> <span class='ocrx_word' id='word_1_5' title='bbox 206 531 233 568; x_wconf 84' lang='lat' dir='ltr'><strong>e.</strong></span> <span class='ocrx_word' id='word_1_6' title='bbox 247 517 309 582; x_wconf 78' lang='lat'><em>¹7⁰⁶·</em></span> <span class='ocrx_word' id='word_1_7' title='bbox 322 535 389 576; x_wconf 86' lang='lat' dir='ltr'><strong>ram</strong></span> <span class='ocrx_word' id='word_1_8' title='bbox 410 513 575 598; x_wconf 88' lang='lat' dir='ltr'><strong>petebant.</strong></span> <span class='ocrx_word' id='word_1_9' title='bbox 607 485 685 588; x_wconf 77' lang='lat' dir='ltr'><strong>sed,</strong></span> <span class='ocrx_word' id='word_1_10' title='bbox 714 535 731 574; x_wconf 88' lang='lat' dir='ltr'><strong>s</strong></span> <span class='ocrx_word' id='word_1_11' title='bbox 754 516 922 578; x_wconf 84' lang='lat' dir='ltr'><strong>calonibus</strong></span> <span class='ocrx_word' id='word_1_12' title='bbox 938 517 1087 579; x_wconf 76' lang='lat' dir='ltr'><strong>Caesaris</strong></span> <span class='ocrx_word' id='word_1_13' title='bbox 1102 518 1244 580; x_wconf 85' lang='lat' dir='ltr'><strong>clamore</strong></span> <span class='ocrx_word' id='word_1_14' title='bbox 1262 521 1286 598; x_wconf 76' lang='lat' dir='ltr'><strong>ia</strong></span> 
     </span>
     <span class='ocr_line' id='line_1_4' title="bbox 151 581 1287 684; baseline 0.01 -33"><span class='ocrx_word' id='word_1_15' title='bbox 151 581 187 638; x_wconf 63' lang='grc' dir='ltr'><strong>Α·</strong></span> <span class='ocrx_word' id='word_1_16' title='bbox 205 585 239 638; x_wconf 79' lang='lat' dir='ltr'><strong>G·</strong></span> <span class='ocrx_word' id='word_1_17' title='bbox 254 589 300 652; x_wconf 74' lang='lat'><strong>4⁶·</strong></span> <span class='ocrx_word' id='word_1_18' title='bbox 322 609 441 680; x_wconf 89' lang='lat' dir='ltr'><strong>ctuquc</strong></span> <span class='ocrx_word' id='word_1_19' title='bbox 462 597 602 680; x_wconf 89' lang='lat' dir='ltr'><strong>pilorum</strong></span> <span class='ocrx_word' id='word_1_20' title='bbox 621 610 718 681; x_wconf 86' lang='lat' dir='ltr'><strong>atque</strong></span> <span class='ocrx_word' id='word_1_21' title='bbox 737 597 882 680; x_wconf 83' lang='lat' dir='ltr'><strong>lapidum</strong></span> <span class='ocrx_word' id='word_1_22' title='bbox 899 599 1069 674; x_wconf 82' lang='lat' dir='ltr'><strong>deterriti,</strong></span> <span class='ocrx_word' id='word_1_23' title='bbox 1100 601 1138 662; x_wconf 87' lang='lat' dir='ltr'><strong>in</strong></span> <span class='ocrx_word' id='word_1_24' title='bbox 1159 601 1287 684; x_wconf 89' lang='lat' dir='ltr'><strong>oppidun</strong></span> 
     </span>
     <span class='ocr_line' id='line_1_5' title="bbox 323 691 862 762; baseline -0.004 -20"><span class='ocrx_word' id='word_1_25' title='bbox 323 699 359 742; x_wconf 80' lang='lat' dir='ltr'><strong>te</strong></span> <span class='ocrx_word' id='word_1_26' title='bbox 379 691 587 762; x_wconf 88' lang='lat' dir='ltr'><strong>receperunt.</strong></span> <span class='ocrx_word' id='word_1_27' title='bbox 860 711 862 721; x_wconf 33' lang='grc' dir='ltr'>ι</span> 
     </span>
    </p>
   </div>
   <div class='ocr_carea' id='block_1_4' title="bbox 61 771 1287 1753">
    <p class='ocr_par' dir='ltr' id='par_1_4' title="bbox 152 771 1287 871">
     <span class='ocr_line' id='line_1_6' title="bbox 152 771 1287 871; baseline 0.004 -27"><span class='ocrx_word' id='word_1_28' title='bbox 152 771 310 854; x_wconf 62' lang='lat' dir='ltr'><strong>caesaries.</strong></span> <span class='ocrx_word' id='word_1_29' title='bbox 384 786 545 850; x_wconf 72' lang='lat' dir='ltr'><strong>xxxtttt.</strong></span> <span class='ocrx_word' id='word_1_30' title='bbox 576 784 749 868; x_wconf 83' lang='lat' dir='ltr'><strong>Reliquiae</strong></span> <span class='ocrx_word' id='word_1_31' title='bbox 773 784 852 847; x_wconf 82' lang='lat' dir='ltr'><strong>vieti</strong></span> <span class='ocrx_word' id='word_1_32' title='bbox 879 783 1043 848; x_wconf 83' lang='lat' dir='ltr'><strong>exercitus</strong></span> <span class='ocrx_word' id='word_1_33' title='bbox 1067 787 1107 850; x_wconf 85' lang='lat' dir='ltr'><strong>ad</strong></span> <span class='ocrx_word' id='word_1_34' title='bbox 1130 789 1238 871; x_wconf 85' lang='lat' dir='ltr'><strong>priora</strong></span> <span class='ocrx_word' id='word_1_35' title='bbox 1258 809 1287 850; x_wconf 86' lang='lat' dir='ltr'><strong>ca</strong></span> 
     </span>
    </p>

    <p class='ocr_par' dir='ltr' id='par_1_5' title="bbox 61 863 1287 952">
     <span class='ocr_line' id='line_1_7' title="bbox 61 863 1287 952; baseline 0.008 -31"><span class='ocrx_word' id='word_1_36' title='bbox 61 887 64 894; x_wconf 91' lang='lat'>·</span> <span class='ocrx_word' id='word_1_37' title='bbox 135 872 179 921; x_wconf 77' lang='lat' dir='ltr'><strong>uis</strong></span> <span class='ocrx_word' id='word_1_38' title='bbox 197 865 293 933; x_wconf 72' lang='lat' dir='ltr'><strong>eastris</strong></span> <span class='ocrx_word' id='word_1_39' title='bbox 323 863 400 939; x_wconf 84' lang='lat' dir='ltr'><strong>lira,</strong></span> <span class='ocrx_word' id='word_1_40' title='bbox 424 867 509 928; x_wconf 73' lang='lat' dir='ltr'><strong>uncle</strong></span> <span class='ocrx_word' id='word_1_41' title='bbox 530 889 635 951; x_wconf 80' lang='lat' dir='ltr'>nuper</span> <span class='ocrx_word' id='word_1_42' title='bbox 655 867 773 952; x_wconf 82' lang='lat' dir='ltr'><strong>egrsll&#39;t</strong></span> <span class='ocrx_word' id='word_1_43' title='bbox 791 867 930 936; x_wconf 84' lang='lat' dir='ltr'><strong>fuerant,</strong></span> <span class='ocrx_word' id='word_1_44' title='bbox 953 869 1160 952; x_wconf 76' lang='lat' dir='ltr'><strong>refugerunt.</strong></span> <span class='ocrx_word' id='word_1_45' title='bbox 1190 873 1246 932; x_wconf 85' lang='lat' dir='ltr'><strong>sed</strong></span> <span class='ocrx_word' id='word_1_46' title='bbox 1265 875 1287 932; x_wconf 90' lang='lat' dir='ltr'><strong>il</strong></span> 
     </span>
    </p>

    <p class='ocr_par' dir='ltr' id='par_1_6' title="bbox 133 939 1287 1753">
     <span class='ocr_line' id='line_1_8' title="bbox 133 939 1287 1033; baseline 0.005 -24"><span class='ocrx_word' id='word_1_47' title='bbox 133 939 250 1009; x_wconf 59' lang='lat' dir='ltr'><strong>Mitt·</strong></span> <span class='ocrx_word' id='word_1_48' title='bbox 322 969 430 1032; x_wconf 82' lang='lat' dir='ltr'><strong>aeque</strong></span> <span class='ocrx_word' id='word_1_49' title='bbox 449 951 647 1033; x_wconf 79' lang='lat' dir='ltr'>praesidium</span> <span class='ocrx_word' id='word_1_50' title='bbox 665 951 766 1023; x_wconf 76' lang='lat' dir='ltr'><strong>ultrat</strong></span> <span class='ocrx_word' id='word_1_51' title='bbox 789 969 896 1030; x_wconf 84' lang='lat' dir='ltr'><strong>neque</strong></span> <span class='ocrx_word' id='word_1_52' title='bbox 913 949 977 1009; x_wconf 85' lang='lat' dir='ltr'><strong>dux</strong></span> <span class='ocrx_word' id='word_1_53' title='bbox 990 965 1077 1025; x_wconf 84' lang='lat' dir='ltr'><strong>erat,</strong></span> <span class='ocrx_word' id='word_1_54' title='bbox 1098 953 1188 1033; x_wconf 86' lang='lat' dir='ltr'><strong>cujus</strong></span> <span class='ocrx_word' id='word_1_55' title='bbox 1203 969 1287 1014; x_wconf 86' lang='lat' dir='ltr'><strong>aucto</strong></span> 
     </span>
     <span class='ocr_line' id='line_1_9' title="bbox 322 1031 1287 1119; baseline 0.004 -27"><span class='ocrx_word' id='word_1_56' title='bbox 322 1033 419 1092; x_wconf 77' lang='lat' dir='ltr'><strong>ritate</strong></span> <span class='ocrx_word' id='word_1_57' title='bbox 441 1045 654 1114; x_wconf 81' lang='lat' dir='ltr'><strong>regerentur:</strong></span> <span class='ocrx_word' id='word_1_58' title='bbox 685 1046 738 1103; x_wconf 90' lang='lat' dir='ltr'><strong>et,</strong></span> <span class='ocrx_word' id='word_1_59' title='bbox 764 1051 861 1114; x_wconf 92' lang='lat' dir='ltr'><strong>quum</strong></span> <span class='ocrx_word' id='word_1_60' title='bbox 880 1031 913 1090; x_wconf 90' lang='lat' dir='ltr'><strong>in</strong></span> <span class='ocrx_word' id='word_1_61' title='bbox 931 1035 1023 1114; x_wconf 80' lang='lat' dir='ltr'><strong>regia</strong></span> <span class='ocrx_word' id='word_1_62' title='bbox 1041 1033 1140 1096; x_wconf 84' lang='lat' dir='ltr'><strong>castra</strong></span> <span class='ocrx_word' id='word_1_63' title='bbox 1158 1038 1287 1119; x_wconf 74' lang='lat' dir='ltr'><strong>profuge</strong></span> 
     </span>
     <span class='ocr_line' id='line_1_10' title="bbox 322 1113 1287 1203; baseline -0.001 -29"><span class='ocrx_word' id='word_1_64' title='bbox 322 1128 418 1184; x_wconf 88' lang='lat' dir='ltr'><strong>rent,</strong></span> <span class='ocrx_word' id='word_1_65' title='bbox 448 1115 501 1174; x_wconf 88' lang='lat' dir='ltr'><strong>illa</strong></span> <span class='ocrx_word' id='word_1_66' title='bbox 518 1134 649 1198; x_wconf 90' lang='lat' dir='ltr'><strong>quoque</strong></span> <span class='ocrx_word' id='word_1_67' title='bbox 664 1113 726 1194; x_wconf 86' lang='lat' dir='ltr'><strong>jam</strong></span> <span class='ocrx_word' id='word_1_68' title='bbox 743 1113 912 1174; x_wconf 78' lang='lat' dir='ltr'><strong>alulianis</strong></span> <span class='ocrx_word' id='word_1_69' title='bbox 932 1131 1088 1198; x_wconf 84' lang='lat' dir='ltr'><strong>occupata</strong></span> <span class='ocrx_word' id='word_1_70' title='bbox 1107 1135 1287 1203; x_wconf 77' lang='lat' dir='ltr'><strong>repererunt</strong></span> 
     </span>
     <span class='ocr_line' id='line_1_11' title="bbox 323 1195 1287 1281; baseline 0.002 -23"><span class='ocrx_word' id='word_1_71' title='bbox 323 1198 447 1281; x_wconf 78' lang='lat' dir='ltr'>quippe</span> <span class='ocrx_word' id='word_1_72' title='bbox 472 1197 603 1258; x_wconf 83' lang='lat' dir='ltr'><strong>fortuna</strong></span> <span class='ocrx_word' id='word_1_73' title='bbox 627 1209 661 1256; x_wconf 94' lang='lat' dir='ltr'><strong>et</strong></span> <span class='ocrx_word' id='word_1_74' title='bbox 684 1196 726 1255; x_wconf 93' lang='lat' dir='ltr'><strong>im</strong></span> <span class='ocrx_word' id='word_1_75' title='bbox 753 1207 808 1255; x_wconf 89' lang='lat' dir='ltr'><strong>etu</strong></span> <span class='ocrx_word' id='word_1_76' title='bbox 831 1195 991 1258; x_wconf 82' lang='lat' dir='ltr'><strong>victoriae</strong></span> <span class='ocrx_word' id='word_1_77' title='bbox 1013 1199 1133 1260; x_wconf 86' lang='lat' dir='ltr'><strong>Caesar</strong></span> <span class='ocrx_word' id='word_1_78' title='bbox 1156 1221 1250 1272; x_wconf 81' lang='lat' dir='ltr'><strong>usus,</strong></span> <span class='ocrx_word' id='word_1_79' title='bbox 1278 1221 1287 1260; x_wconf 85' lang='lat' dir='ltr'><strong>t</strong></span> 
     </span>
     <span class='ocr_line' id='line_1_12' title="bbox 321 1215 1287 1366; baseline -0.002 -24"><span class='ocrx_word' id='word_1_80' title='bbox 321 1279 403 1342; x_wconf 86' lang='lat' dir='ltr'><strong>baec</strong></span> <span class='ocrx_word' id='word_1_81' title='bbox 422 1277 537 1351; x_wconf 83' lang='lat' dir='ltr'><strong>castra,</strong></span> <span class='ocrx_word' id='word_1_82' title='bbox 567 1277 714 1359; x_wconf 78' lang='lat' dir='ltr'><strong>fugiente</strong></span> <span class='ocrx_word' id='word_1_83' title='bbox 731 1215 832 1350; x_wconf 69' lang='lat' dir='ltr'><strong>iuba,</strong></span> <span class='ocrx_word' id='word_1_84' title='bbox 863 1289 896 1338; x_wconf 87' lang='lat' dir='ltr'><strong>et</strong></span> <span class='ocrx_word' id='word_1_85' title='bbox 914 1278 1070 1354; x_wconf 79' lang='lat' dir='ltr'><strong>Afranio,</strong></span> <span class='ocrx_word' id='word_1_86' title='bbox 1101 1283 1157 1366; x_wconf 90' lang='lat' dir='ltr'><strong>qui</strong></span> <span class='ocrx_word' id='word_1_87' title='bbox 1175 1283 1287 1344; x_wconf 82' lang='lat' dir='ltr'><strong>scorsir</strong></span> 
     </span>
     <span class='ocr_line' id='line_1_13' title="bbox 320 1357 1287 1446; baseline 0.003 -22"><span class='ocrx_word' id='word_1_88' title='bbox 320 1361 524 1434; x_wconf 84' lang='lat' dir='ltr'><strong>tetenderat,</strong></span> <span class='ocrx_word' id='word_1_89' title='bbox 558 1361 736 1432; x_wconf 85' lang='lat' dir='ltr'><strong>exterrito,</strong></span> <span class='ocrx_word' id='word_1_90' title='bbox 767 1357 864 1420; x_wconf 86' lang='lat' dir='ltr'><strong>tertia</strong></span> <span class='ocrx_word' id='word_1_91' title='bbox 886 1375 1016 1442; x_wconf 87' lang='lat' dir='ltr'><strong>quoque</strong></span> <span class='ocrx_word' id='word_1_92' title='bbox 1041 1367 1133 1446; x_wconf 86' lang='lat' dir='ltr'><strong>quasi</strong></span> <span class='ocrx_word' id='word_1_93' title='bbox 1152 1381 1287 1427; x_wconf 82' lang='lat' dir='ltr'><strong>moment</strong></span> 
     </span>
     <span class='ocr_line' id='line_1_14' title="bbox 322 1441 1287 1530; baseline 0.002 -24"><span class='ocrx_word' id='word_1_94' title='bbox 322 1459 466 1528; x_wconf 81' lang='lat' dir='ltr'><strong>ceperat.</strong></span> <span class='ocrx_word' id='word_1_95' title='bbox 509 1447 591 1504; x_wconf 80' lang='lat' dir='ltr'><strong>&#39;l&#39;um</strong></span> <span class='ocrx_word' id='word_1_96' title='bbox 607 1443 688 1528; x_wconf 82' lang='lat' dir='ltr'><strong>ergo</strong></span> <span class='ocrx_word' id='word_1_97' title='bbox 703 1441 869 1526; x_wconf 82' lang='lat' dir='ltr'>Scipionis</span> <span class='ocrx_word' id='word_1_98' title='bbox 885 1441 1024 1515; x_wconf 79' lang='lat' dir='ltr'><strong>milites,</strong></span> <span class='ocrx_word' id='word_1_99' title='bbox 1046 1447 1217 1530; x_wconf 84' lang='lat' dir='ltr'><strong>desperata</strong></span> <span class='ocrx_word' id='word_1_100' title='bbox 1233 1451 1287 1508; x_wconf 86' lang='lat' dir='ltr'><strong>salu</strong></span> 
     </span>
     <span class='ocr_line' id='line_1_15' title="bbox 321 1525 1287 1611; baseline 0.003 -23"><span class='ocrx_word' id='word_1_101' title='bbox 321 1539 366 1599; x_wconf 86' lang='lat' dir='ltr'><strong>te,</strong></span> <span class='ocrx_word' id='word_1_102' title='bbox 389 1527 536 1598; x_wconf 74' lang='lat' dir='ltr'><strong>tatianos</strong></span> <span class='ocrx_word' id='word_1_103' title='bbox 552 1529 765 1597; x_wconf 87' lang='lat' dir='ltr'><strong>consalutant,</strong></span> <span class='ocrx_word' id='word_1_104' title='bbox 789 1525 1003 1609; x_wconf 78' lang='lat' dir='ltr'><strong>Caesarisque</strong></span> <span class='ocrx_word' id='word_1_105' title='bbox 1018 1527 1192 1611; x_wconf 87' lang='lat' dir='ltr'><strong>implorant</strong></span> <span class='ocrx_word' id='word_1_106' title='bbox 1207 1528 1287 1590; x_wconf 84' lang='lat' dir='ltr'><strong>{iden</strong></span> 
     </span>
     <span class='ocr_line' id='line_1_16' title="bbox 321 1605 1287 1681; baseline 0.006 -13"><span class='ocrx_word' id='word_1_107' title='bbox 321 1619 384 1670; x_wconf 85' lang='lat' dir='ltr'><strong>nec</strong></span> <span class='ocrx_word' id='word_1_108' title='bbox 412 1629 452 1670; x_wconf 91' lang='lat' dir='ltr'><strong>eo</strong></span> <span class='ocrx_word' id='word_1_109' title='bbox 477 1609 583 1670; x_wconf 87' lang='lat' dir='ltr'><strong>minus</strong></span> <span class='ocrx_word' id='word_1_110' title='bbox 612 1631 630 1669; x_wconf 86' lang='lat' dir='ltr'><strong>a</strong></span> <span class='ocrx_word' id='word_1_111' title='bbox 656 1605 840 1681; x_wconf 82' lang='lat' dir='ltr'><strong>veteranis,</strong></span> <span class='ocrx_word' id='word_1_112' title='bbox 872 1607 920 1666; x_wconf 88' lang='lat' dir='ltr'><strong>ira</strong></span> <span class='ocrx_word' id='word_1_113' title='bbox 948 1621 982 1670; x_wconf 86' lang='lat' dir='ltr'><strong>et</strong></span> <span class='ocrx_word' id='word_1_114' title='bbox 1006 1608 1122 1672; x_wconf 88' lang='lat' dir='ltr'><strong>dolore</strong></span> <span class='ocrx_word' id='word_1_115' title='bbox 1149 1611 1287 1674; x_wconf 81' lang='lat' dir='ltr'><strong>efferatis</strong></span> 
     </span>
     <span class='ocr_line' id='line_1_17' title="bbox 323 1683 1062 1753; baseline -0.008 0"><span class='ocrx_word' id='word_1_116' title='bbox 323 1689 550 1753; x_wconf 87' lang='lat' dir='ltr'><strong>conciduntur.</strong></span> <span class='ocrx_word' id='word_1_117' title='bbox 1049 1683 1062 1718; x_wconf 52' lang='lat' dir='ltr'><strong>l</strong></span> 
     </span>
    </p>
   </div>
   <div class='ocr_carea' id='block_1_5' title="bbox 130 1793 1287 2630">
    <p class='ocr_par' dir='ltr' id='par_1_7' title="bbox 134 1793 1287 2292">
     <span class='ocr_line' id='line_1_18' title="bbox 382 1793 1283 1882; baseline 0.003 -24"><span class='ocrx_word' id='word_1_118' title='bbox 382 1797 556 1870; x_wconf 78' lang='lat' dir='ltr'><strong>xxxvttt.</strong></span> <span class='ocrx_word' id='word_1_119' title='bbox 584 1796 673 1878; x_wconf 84' lang='lat' dir='ltr'><strong>Quin</strong></span> <span class='ocrx_word' id='word_1_120' title='bbox 693 1809 726 1858; x_wconf 92' lang='lat' dir='ltr'><strong>et</strong></span> <span class='ocrx_word' id='word_1_121' title='bbox 744 1793 779 1856; x_wconf 91' lang='lat' dir='ltr'><strong>in</strong></span> <span class='ocrx_word' id='word_1_122' title='bbox 795 1797 943 1860; x_wconf 83' lang='lat' dir='ltr'><strong>Caesaris</strong></span> <span class='ocrx_word' id='word_1_123' title='bbox 962 1797 1110 1860; x_wconf 78' lang='lat' dir='ltr'><strong>exercitu</strong></span> <span class='ocrx_word' id='word_1_124' title='bbox 1127 1797 1256 1882; x_wconf 86' lang='lat' dir='ltr'><strong>quidam</strong></span> <span class='ocrx_word' id='word_1_125' title='bbox 1275 1803 1283 1862; x_wconf 93' lang='lat' dir='ltr'><strong>i</strong></span> 
     </span>
     <span class='ocr_line' id='line_1_19' title="bbox 320 1877 1287 1967; baseline 0.006 -27"><span class='ocrx_word' id='word_1_126' title='bbox 320 1877 435 1941; x_wconf 77' lang='lat' dir='ltr'><strong>lustres</strong></span> <span class='ocrx_word' id='word_1_127' title='bbox 455 1903 471 1940; x_wconf 87' lang='lat' dir='ltr'><strong>a</strong></span> <span class='ocrx_word' id='word_1_128' title='bbox 491 1879 650 1940; x_wconf 70' lang='lat' dir='ltr'><strong>militibus</strong></span> <span class='ocrx_word' id='word_1_129' title='bbox 668 1877 836 1940; x_wconf 86' lang='lat' dir='ltr'><strong>interiecti</strong></span> <span class='ocrx_word' id='word_1_130' title='bbox 856 1893 947 1952; x_wconf 87' lang='lat' dir='ltr'><strong>sunt,</strong></span> <span class='ocrx_word' id='word_1_131' title='bbox 971 1881 1012 1942; x_wconf 93' lang='lat' dir='ltr'><strong>oh</strong></span> <span class='ocrx_word' id='word_1_132' title='bbox 1033 1895 1149 1942; x_wconf 79' lang='lat' dir='ltr'><strong>laruam</strong></span> <span class='ocrx_word' id='word_1_133' title='bbox 1170 1905 1239 1944; x_wconf 89' lang='lat' dir='ltr'><strong>rem</strong></span> <span class='ocrx_word' id='word_1_134' title='bbox 1261 1905 1287 1967; x_wconf 82' lang='lat' dir='ltr'><strong>gt</strong></span> 
     </span>
     <span class='ocr_line' id='line_1_20' title="bbox 320 1959 1287 2045; baseline 0.005 -22"><span class='ocrx_word' id='word_1_135' title='bbox 320 1959 396 2024; x_wconf 84' lang='lat' dir='ltr'><strong>stam</strong></span> <span class='ocrx_word' id='word_1_136' title='bbox 416 1961 590 2042; x_wconf 88' lang='lat' dir='ltr'><strong>cujuslibet</strong></span> <span class='ocrx_word' id='word_1_137' title='bbox 609 1960 723 2022; x_wconf 81' lang='lat' dir='ltr'><strong>delicti</strong></span> <span class='ocrx_word' id='word_1_138' title='bbox 746 1961 809 2022; x_wconf 86' lang='lat' dir='ltr'><strong>sibi</strong></span> <span class='ocrx_word' id='word_1_139' title='bbox 828 1962 1061 2044; x_wconf 81' lang='lat' dir='ltr'><strong>pollicentibus</strong></span> <span class='ocrx_word' id='word_1_140' title='bbox 1080 1963 1287 2045; x_wconf 75' lang='lat' dir='ltr'><strong>impunitates</strong></span> 
     </span>
     <span class='ocr_line' id='line_1_21' title="bbox 320 2041 1287 2132; baseline 0.005 -28"><span class='ocrx_word' id='word_1_141' title='bbox 320 2043 409 2106; x_wconf 88' lang='lat' dir='ltr'><strong>inter</strong></span> <span class='ocrx_word' id='word_1_142' title='bbox 456 2063 516 2104; x_wconf 91' lang='lat' dir='ltr'><strong>uos</strong></span> <span class='ocrx_word' id='word_1_143' title='bbox 541 2055 573 2104; x_wconf 89' lang='lat' dir='ltr'><strong>et</strong></span> <span class='ocrx_word' id='word_1_144' title='bbox 590 2043 718 2104; x_wconf 73' lang='lat' dir='ltr'><strong>&#39;Pullius</strong></span> <span class='ocrx_word' id='word_1_145' title='bbox 735 2043 840 2104; x_wconf 84' lang='lat' dir='ltr'><strong>Rufus</strong></span> <span class='ocrx_word' id='word_1_146' title='bbox 865 2041 1065 2126; x_wconf 80' lang='lat' dir='ltr'><strong>quaestorius</strong></span> <span class='ocrx_word' id='word_1_147' title='bbox 1090 2047 1159 2128; x_wconf 87' lang='lat' dir='ltr'><strong>pilo</strong></span> <span class='ocrx_word' id='word_1_148' title='bbox 1182 2051 1287 2132; x_wconf 81' lang='lat' dir='ltr'><strong>transjt</strong></span> 
     </span>
     <span class='ocr_line' id='line_1_22' title="bbox 320 2065 1287 2208; baseline 0.007 -21"><span class='ocrx_word' id='word_1_149' title='bbox 320 2141 392 2188; x_wconf 90' lang='lat' dir='ltr'><strong>ctus</strong></span> <span class='ocrx_word' id='word_1_150' title='bbox 410 2065 470 2203; x_wconf 54' lang='lat' dir='ltr'><strong>epu</strong></span> <span class='ocrx_word' id='word_1_151' title='bbox 494 2141 527 2188; x_wconf 88' lang='lat' dir='ltr'><strong>et</strong></span> <span class='ocrx_word' id='word_1_152' title='bbox 541 2127 716 2208; x_wconf 85' lang='lat' dir='ltr'><strong>Pompejus</strong></span> <span class='ocrx_word' id='word_1_153' title='bbox 734 2124 857 2196; x_wconf 81' lang='lat' dir='ltr'><strong>liuius,</strong></span> <span class='ocrx_word' id='word_1_154' title='bbox 881 2127 1016 2187; x_wconf 86' lang='lat' dir='ltr'><strong>vulnere</strong></span> <span class='ocrx_word' id='word_1_155' title='bbox 1034 2129 1067 2188; x_wconf 87' lang='lat' dir='ltr'><strong>in</strong></span> <span class='ocrx_word' id='word_1_156' title='bbox 1083 2129 1251 2192; x_wconf 82' lang='lat' dir='ltr'><strong>brachium</strong></span> <span class='ocrx_word' id='word_1_157' title='bbox 1265 2141 1287 2194; x_wconf 83' lang='lat' dir='ltr'><strong>at</strong></span> 
     </span>
     <span class='ocr_line' id='line_1_23' title="bbox 134 2206 1287 2292; baseline 0.004 -23"><span class='ocrx_word' id='word_1_158' title='bbox 134 2283 135 2288; x_wconf 8' lang='grc' dir='ltr'>γ</span> <span class='ocrx_word' id='word_1_159' title='bbox 320 2223 434 2292; x_wconf 89' lang='lat' dir='ltr'><strong>cepto,</strong></span> <span class='ocrx_word' id='word_1_160' title='bbox 464 2208 529 2269; x_wconf 88' lang='lat' dir='ltr'><strong>nisi</strong></span> <span class='ocrx_word' id='word_1_161' title='bbox 558 2207 714 2269; x_wconf 83' lang='lat' dir='ltr'><strong>celeriter</strong></span> <span class='ocrx_word' id='word_1_162' title='bbox 740 2206 934 2288; x_wconf 76' lang='lat' dir='ltr'><strong>eonl&#39;ugillst</strong></span> <span class='ocrx_word' id='word_1_163' title='bbox 960 2208 1209 2286; x_wconf 76' lang='lat' dir='ltr'><strong>sucessorem,</strong></span> <span class='ocrx_word' id='word_1_164' title='bbox 1242 2211 1287 2278; x_wconf 77' lang='lat' dir='ltr'><strong>elli</strong></span> 
     </span>
    </p>

    <p class='ocr_par' dir='ltr' id='par_1_8' title="bbox 130 2287 1287 2544">
     <span class='ocr_line' id='line_1_24' title="bbox 156 2287 1287 2386; baseline 0.008 -38"><span class='ocrx_word' id='word_1_165' title='bbox 156 2287 224 2355; x_wconf 69' lang='lat' dir='ltr'><strong>Ejus</strong></span> <span class='ocrx_word' id='word_1_166' title='bbox 238 2302 307 2368; x_wconf 58' lang='lat' dir='ltr'><strong>’pqr-</strong></span> <span class='ocrx_word' id='word_1_167' title='bbox 321 2291 460 2354; x_wconf 89' lang='lat' dir='ltr'><strong>oeeisus.</strong></span> <span class='ocrx_word' id='word_1_168' title='bbox 504 2291 593 2350; x_wconf 89' lang='lat' dir='ltr'><strong>Haec</strong></span> <span class='ocrx_word' id='word_1_169' title='bbox 619 2304 705 2351; x_wconf 88' lang='lat' dir='ltr'><strong>tanta</strong></span> <span class='ocrx_word' id='word_1_170' title='bbox 729 2289 881 2361; x_wconf 85' lang='lat' dir='ltr'><strong>lieentia,</strong></span> <span class='ocrx_word' id='word_1_171' title='bbox 911 2303 944 2351; x_wconf 93' lang='lat' dir='ltr'><strong>et</strong></span> <span class='ocrx_word' id='word_1_172' title='bbox 963 2291 1051 2386; x_wconf 85' lang='lat' dir='ltr'><strong>quod</strong></span> <span class='ocrx_word' id='word_1_173' title='bbox 1073 2307 1148 2354; x_wconf 86' lang='lat' dir='ltr'><strong>ante</strong></span> <span class='ocrx_word' id='word_1_174' title='bbox 1169 2293 1287 2356; x_wconf 70' lang='lat' dir='ltr'><strong>Caesar</strong></span> 
     </span>
     <span class='ocr_line' id='line_1_25' title="bbox 133 2358 1283 2456; baseline 0.007 -26"><span class='ocrx_word' id='word_1_175' title='bbox 133 2358 305 2440; x_wconf 53' lang='lat' dir='ltr'><strong>⁶3⁴⁵⁶⁰⁰¹mffi</strong></span> <span class='ocrx_word' id='word_1_176' title='bbox 320 2371 494 2453; x_wconf 89' lang='lat' dir='ltr'><strong>imperium</strong></span> <span class='ocrx_word' id='word_1_177' title='bbox 510 2374 602 2456; x_wconf 79' lang='lat' dir='ltr'><strong>signa</strong></span> <span class='ocrx_word' id='word_1_178' title='bbox 615 2372 822 2440; x_wconf 87' lang='lat' dir='ltr'><strong>cecinerunt,</strong></span> <span class='ocrx_word' id='word_1_179' title='bbox 845 2367 942 2433; x_wconf 86' lang='lat' dir='ltr'><strong>iidem</strong></span> <span class='ocrx_word' id='word_1_180' title='bbox 960 2372 1081 2436; x_wconf 88' lang='lat' dir='ltr'><strong>iaciunt</strong></span> <span class='ocrx_word' id='word_1_181' title='bbox 1097 2381 1283 2440; x_wconf 89' lang='lat' dir='ltr'><strong>narrantibu</strong></span> 
     </span>
     <span class='ocr_line' id='line_1_26' title="bbox 130 2429 1286 2544; baseline 0.01 -34"><span class='ocrx_word' id='word_1_182' title='bbox 130 2429 179 2479; x_wconf 72' lang='lat'><strong>¹¹⁸·</strong></span> <span class='ocrx_word' id='word_1_183' title='bbox 234 2502 240 2514; x_wconf 91' lang='lat'><em>.</em></span> <span class='ocrx_word' id='word_1_184' title='bbox 319 2451 408 2512; x_wconf 86' lang='lat' dir='ltr'><strong>inter</strong></span> <span class='ocrx_word' id='word_1_185' title='bbox 433 2450 649 2514; x_wconf 85' lang='lat' dir='ltr'><strong>instruendam</strong></span> <span class='ocrx_word' id='word_1_186' title='bbox 674 2453 775 2514; x_wconf 87' lang='lat' dir='ltr'><strong>aciem</strong></span> <span class='ocrx_word' id='word_1_187' title='bbox 804 2453 959 2515; x_wconf 85' lang='lat' dir='ltr'><strong>comitiali</strong></span> <span class='ocrx_word' id='word_1_188' title='bbox 989 2457 1121 2530; x_wconf 89' lang='lat' dir='ltr'><strong>morbo,</strong></span> <span class='ocrx_word' id='word_1_189' title='bbox 1157 2481 1225 2544; x_wconf 87' lang='lat' dir='ltr'><strong>quo</strong></span> <span class='ocrx_word' id='word_1_190' title='bbox 1253 2463 1286 2522; x_wconf 86' lang='lat' dir='ltr'><strong>l&#39;rt</strong></span> 
     </span>
    </p>

    <p class='ocr_par' dir='ltr' id='par_1_9' title="bbox 319 2533 1286 2630">
     <span class='ocr_line' id='line_1_27' title="bbox 319 2533 1286 2630; baseline 0.009 -35"><span class='ocrx_word' id='word_1_191' title='bbox 319 2548 459 2618; x_wconf 86' lang='lat' dir='ltr'><strong>quenter</strong></span> <span class='ocrx_word' id='word_1_192' title='bbox 481 2533 607 2597; x_wconf 89' lang='lat' dir='ltr'><strong>solebat</strong></span> <span class='ocrx_word' id='word_1_193' title='bbox 627 2534 795 2608; x_wconf 84' lang='lat' dir='ltr'><strong>laborare,</strong></span> <span class='ocrx_word' id='word_1_194' title='bbox 820 2551 1026 2630; x_wconf 76' lang='lat' dir='ltr'><strong>correptum,</strong></span> <span class='ocrx_word' id='word_1_195' title='bbox 1049 2539 1123 2600; x_wconf 89' lang='lat' dir='ltr'><strong>dum</strong></span> <span class='ocrx_word' id='word_1_196' title='bbox 1143 2559 1286 2626; x_wconf 78' lang='lat' dir='ltr'><strong>pugnato</strong></span> 
     </span>
    </p>
   </div>
   <div class='ocr_carea' id='block_1_6' title="bbox 318 2615 1286 2712">
    <p class='ocr_par' dir='ltr' id='par_1_10' title="bbox 318 2615 1286 2712">
     <span class='ocr_line' id='line_1_28' title="bbox 318 2615 1286 2712; baseline 0.004 -35"><span class='ocrx_word' id='word_1_197' title='bbox 318 2618 354 2677; x_wconf 88' lang='lat' dir='ltr'><strong>in</strong></span> <span class='ocrx_word' id='word_1_198' title='bbox 375 2617 459 2678; x_wconf 92' lang='lat' dir='ltr'><strong>turri</strong></span> <span class='ocrx_word' id='word_1_199' title='bbox 478 2615 613 2704; x_wconf 84' lang='lat' dir='ltr'><strong>quadarn</strong></span> <span class='ocrx_word' id='word_1_200' title='bbox 635 2617 818 2712; x_wconf 78' lang='lat' dir='ltr'><strong>propinqua</strong></span> <span class='ocrx_word' id='word_1_201' title='bbox 839 2619 1008 2700; x_wconf 82' lang='lat' dir='ltr'><strong>qureviile.</strong></span> <span class='ocrx_word' id='word_1_202' title='bbox 1285 2625 1286 2666; x_wconf 81' lang='lat' dir='ltr'><strong>t</strong></span> 
     </span>
    </p>
   </div>
   <div class='ocr_carea' id='block_1_7' title="bbox 130 2722 1285 3636">
    <p class='ocr_par' dir='ltr' id='par_1_11' title="bbox 130 2711 1286 2976">
     <span class='ocr_line' id='line_1_29' title="bbox 166 2722 1283 2817; baseline 0.008 -34"><span class='ocrx_word' id='word_1_203' title='bbox 166 2746 296 2817; x_wconf 73' lang='lat' dir='ltr'><strong>Ejusdem</strong></span> <span class='ocrx_word' id='word_1_204' title='bbox 384 2722 530 2791; x_wconf 82' lang='lat' dir='ltr'>XXXIX.</span> <span class='ocrx_word' id='word_1_205' title='bbox 560 2725 687 2789; x_wconf 88' lang='lat' dir='ltr'><strong>ideirco</strong></span> <span class='ocrx_word' id='word_1_206' title='bbox 715 2725 823 2788; x_wconf 84' lang='lat' dir='ltr'><strong>victae</strong></span> <span class='ocrx_word' id='word_1_207' title='bbox 866 2729 981 2810; x_wconf 88' lang='lat' dir='ltr'><strong>&#39;uoque</strong></span> <span class='ocrx_word' id='word_1_208' title='bbox 1012 2744 1120 2812; x_wconf 86' lang='lat' dir='ltr'><strong>partes</strong></span> <span class='ocrx_word' id='word_1_209' title='bbox 1146 2729 1283 2792; x_wconf 80' lang='lat' dir='ltr'><strong>victoria</strong></span> 
     </span>
     <span class='ocr_line' id='line_1_30' title="bbox 130 2805 1285 2910; baseline 0.002 -38"><span class='ocrx_word' id='word_1_210' title='bbox 130 2820 225 2888; x_wconf 73' lang='lat' dir='ltr'><strong>ingess</strong></span> <span class='ocrx_word' id='word_1_211' title='bbox 238 2815 304 2882; x_wconf 79' lang='lat' dir='ltr'><strong>sett-</strong></span> <span class='ocrx_word' id='word_1_212' title='bbox 321 2805 470 2870; x_wconf 83' lang='lat' dir='ltr'><strong>Caesaris</strong></span> <span class='ocrx_word' id='word_1_213' title='bbox 487 2830 551 2870; x_wconf 91' lang='lat' dir='ltr'><strong>non</strong></span> <span class='ocrx_word' id='word_1_214' title='bbox 569 2811 707 2872; x_wconf 86' lang='lat' dir='ltr'><strong>militurn</strong></span> <span class='ocrx_word' id='word_1_215' title='bbox 727 2827 827 2870; x_wconf 89' lang='lat' dir='ltr'><strong>suoru</strong></span> <span class='ocrx_word' id='word_1_216' title='bbox 883 2812 1049 2892; x_wconf 82' lang='lat' dir='ltr'><strong>ignaviae,</strong></span> <span class='ocrx_word' id='word_1_217' title='bbox 1075 2813 1228 2874; x_wconf 83' lang='lat' dir='ltr'><strong>nam&#39;eos</strong></span> <span class='ocrx_word' id='word_1_218' title='bbox 1250 2836 1285 2910; x_wconf 89' lang='lat' dir='ltr'><strong>qu</strong></span> 
     </span>
     <span class='ocr_line' id='line_1_31' title="bbox 131 2887 1285 2976; baseline 0.005 -27"><span class='ocrx_word' id='word_1_219' title='bbox 131 2892 214 2945; x_wconf 76' lang='lat' dir='ltr'><strong>tim·</strong></span> <span class='ocrx_word' id='word_1_220' title='bbox 320 2887 394 2950; x_wconf 83' lang='lat' dir='ltr'><strong>(lem</strong></span> <span class='ocrx_word' id='word_1_221' title='bbox 412 2891 600 2974; x_wconf 74' lang='lat' dir='ltr'><strong>pugnavill&#39;e</strong></span> <span class='ocrx_word' id='word_1_222' title='bbox 615 2891 759 2964; x_wconf 84' lang='lat' dir='ltr'><strong>fortiter,</strong></span> <span class='ocrx_word' id='word_1_223' title='bbox 779 2889 838 2951; x_wconf 89' lang='lat' dir='ltr'><strong>sed</strong></span> <span class='ocrx_word' id='word_1_224' title='bbox 855 2893 973 2974; x_wconf 87' lang='lat' dir='ltr'><strong>partim</strong></span> <span class='ocrx_word' id='word_1_225' title='bbox 987 2893 1103 2954; x_wconf 87' lang='lat' dir='ltr'><strong>dueum</strong></span> <span class='ocrx_word' id='word_1_226' title='bbox 1120 2895 1285 2976; x_wconf 80' lang='lat' dir='ltr'><strong>imperitia</strong></span> 
     </span>
    </p>

    <p class='ocr_par' dir='ltr' id='par_1_12' title="bbox 320 2973 1285 3636">
     <span class='ocr_line' id='line_1_32' title="bbox 320 2973 1285 3064; baseline 0.005 -33"><span class='ocrx_word' id='word_1_227' title='bbox 320 2973 438 3055; x_wconf 91' lang='lat' dir='ltr'><strong>partim</strong></span> <span class='ocrx_word' id='word_1_228' title='bbox 460 2975 611 3035; x_wconf 78' lang='lat' dir='ltr'><strong>fortunae</strong></span> <span class='ocrx_word' id='word_1_229' title='bbox 631 2975 794 3044; x_wconf 84' lang='lat' dir='ltr'><strong>Caesaris,</strong></span> <span class='ocrx_word' id='word_1_230' title='bbox 817 2975 1114 3057; x_wconf 69' lang='lat' dir='ltr'><strong>transcripserunt}</strong></span> <span class='ocrx_word' id='word_1_231' title='bbox 1146 2977 1237 3064; x_wconf 85' lang='lat' dir='ltr'><strong>quod</strong></span> <span class='ocrx_word' id='word_1_232' title='bbox 1257 2991 1285 3038; x_wconf 87' lang='lat' dir='ltr'><strong>ta</strong></span> 
     </span>
     <span class='ocr_line' id='line_1_33' title="bbox 321 3054 1285 3139; baseline 0 -21"><span class='ocrx_word' id='word_1_233' title='bbox 321 3054 419 3118; x_wconf 84' lang='lat' dir='ltr'><strong>facile</strong></span> <span class='ocrx_word' id='word_1_234' title='bbox 440 3056 544 3118; x_wconf 86' lang='lat' dir='ltr'><strong>victus</strong></span> <span class='ocrx_word' id='word_1_235' title='bbox 564 3067 635 3116; x_wconf 84' lang='lat' dir='ltr'><strong>erut</strong></span> <span class='ocrx_word' id='word_1_236' title='bbox 655 3055 819 3116; x_wconf 86' lang='lat' dir='ltr'><strong>exercitus</strong></span> <span class='ocrx_word' id='word_1_237' title='bbox 838 3055 1002 3139; x_wconf 82' lang='lat' dir='ltr'><strong>octoginta</strong></span> <span class='ocrx_word' id='word_1_238' title='bbox 1023 3059 1160 3119; x_wconf 86' lang='lat' dir='ltr'><strong>millium</strong></span> <span class='ocrx_word' id='word_1_239' title='bbox 1183 3077 1285 3120; x_wconf 66' lang='lat' dir='ltr'><strong>armati</strong></span> 
     </span>
     <span class='ocr_line' id='line_1_34' title="bbox 321 3135 1285 3222; baseline 0.003 -23"><span class='ocrx_word' id='word_1_240' title='bbox 321 3159 405 3209; x_wconf 87' lang='lat' dir='ltr'><strong>rum,</strong></span> <span class='ocrx_word' id='word_1_241' title='bbox 428 3137 489 3219; x_wconf 88' lang='lat' dir='ltr'><strong>jam</strong></span> <span class='ocrx_word' id='word_1_242' title='bbox 509 3159 526 3198; x_wconf 86' lang='lat' dir='ltr'><strong>a</strong></span> <span class='ocrx_word' id='word_1_243' title='bbox 544 3138 646 3198; x_wconf 87' lang='lat' dir='ltr'><strong>multo</strong></span> <span class='ocrx_word' id='word_1_244' title='bbox 665 3151 812 3222; x_wconf 89' lang='lat' dir='ltr'><strong>tempore</strong></span> <span class='ocrx_word' id='word_1_245' title='bbox 828 3137 982 3199; x_wconf 83' lang='lat' dir='ltr'><strong>adsuetus</strong></span> <span class='ocrx_word' id='word_1_246' title='bbox 1003 3135 1285 3222; x_wconf 71' lang='lat' dir='ltr'><strong>operibus&#39;belliri</strong></span> 
     </span>
     <span class='ocr_line' id='line_1_35' title="bbox 323 3217 1285 3362; baseline 0.002 -80"><span class='ocrx_word' id='word_1_247' title='bbox 323 3235 356 3282; x_wconf 85' lang='lat' dir='ltr'><strong>et</strong></span> <span class='ocrx_word' id='word_1_248' title='bbox 381 3239 421 3282; x_wconf 87' lang='lat' dir='ltr'><strong>ex</strong></span> <span class='ocrx_word' id='word_1_249' title='bbox 447 3221 550 3304; x_wconf 91' lang='lat' dir='ltr'><strong>primu</strong></span> <span class='ocrx_word' id='word_1_250' title='bbox 569 3239 681 3362; x_wconf 77' lang='lat' dir='ltr'><strong>pugna</strong></span> <span class='ocrx_word' id='word_1_251' title='bbox 705 3237 850 3300; x_wconf 81' lang='lat' dir='ltr'><strong>magnam</strong></span> <span class='ocrx_word' id='word_1_252' title='bbox 874 3219 1010 3318; x_wconf 87' lang='lat' dir='ltr'><strong>adeptus</strong></span> <span class='ocrx_word' id='word_1_253' title='bbox 1037 3242 1126 3302; x_wconf 86' lang='lat' dir='ltr'><strong>spent</strong></span> <span class='ocrx_word' id='word_1_254' title='bbox 1147 3217 1285 3297; x_wconf 60' lang='lat' dir='ltr'><strong>victurii</strong></span> 
     </span>
     <span class='ocr_line' id='line_1_36' title="bbox 323 3301 1284 3386; baseline 0.002 -22"><span class='ocrx_word' id='word_1_255' title='bbox 323 3305 489 3386; x_wconf 79' lang='lat' dir='ltr'><strong>Ingentem</strong></span> <span class='ocrx_word' id='word_1_256' title='bbox 505 3323 565 3386; x_wconf 90' lang='lat' dir='ltr'><strong>pro</strong></span> <span class='ocrx_word' id='word_1_257' title='bbox 583 3315 656 3363; x_wconf 86' lang='lat' dir='ltr'><strong>ecto</strong></span> <span class='ocrx_word' id='word_1_258' title='bbox 669 3301 762 3364; x_wconf 75' lang='lat' dir='ltr'><strong>luille</strong></span> <span class='ocrx_word' id='word_1_259' title='bbox 772 3301 921 3362; x_wconf 86' lang='lat' dir='ltr'><strong>Caesaris</strong></span> <span class='ocrx_word' id='word_1_260' title='bbox 933 3304 1136 3378; x_wconf 83' lang='lat' dir='ltr'><strong>lelieitatem,</strong></span> <span class='ocrx_word' id='word_1_261' title='bbox 1161 3321 1237 3368; x_wconf 88' lang='lat' dir='ltr'><strong>utro</strong></span> <span class='ocrx_word' id='word_1_262' title='bbox 1253 3329 1284 3366; x_wconf 82' lang='lat' dir='ltr'><strong>nu</strong></span> 
     </span>
     <span class='ocr_line' id='line_1_37' title="bbox 323 3381 1284 3470; baseline 0.001 -23"><span class='ocrx_word' id='word_1_263' title='bbox 323 3385 366 3447; x_wconf 86' lang='lat' dir='ltr'><strong>do</strong></span> <span class='ocrx_word' id='word_1_264' title='bbox 385 3385 468 3469; x_wconf 81' lang='lat' dir='ltr'><strong>gella</strong></span> <span class='ocrx_word' id='word_1_265' title='bbox 485 3405 540 3446; x_wconf 87' lang='lat' dir='ltr'><strong>res</strong></span> <span class='ocrx_word' id='word_1_266' title='bbox 560 3383 621 3457; x_wconf 80' lang='lat' dir='ltr'><strong>ett,</strong></span> <span class='ocrx_word' id='word_1_267' title='bbox 644 3399 780 3446; x_wconf 81' lang='lat' dir='ltr'><strong>euentus</strong></span> <span class='ocrx_word' id='word_1_268' title='bbox 798 3381 927 3456; x_wconf 79' lang='lat' dir='ltr'><strong>docuit,</strong></span> <span class='ocrx_word' id='word_1_269' title='bbox 949 3407 1067 3470; x_wconf 86' lang='lat' dir='ltr'><strong>quum,</strong></span> <span class='ocrx_word' id='word_1_270' title='bbox 1090 3387 1229 3450; x_wconf 83' lang='lat' dir='ltr'><strong>bostium</strong></span> <span class='ocrx_word' id='word_1_271' title='bbox 1248 3409 1284 3462; x_wconf 79' lang='lat' dir='ltr'><strong>cn</strong></span> 
     </span>
     <span class='ocr_line' id='line_1_38' title="bbox 323 3467 1284 3556; baseline 0.003 -27"><span class='ocrx_word' id='word_1_272' title='bbox 323 3467 370 3529; x_wconf 91' lang='lat' dir='ltr'><strong>sis</strong></span> <span class='ocrx_word' id='word_1_273' title='bbox 385 3469 526 3530; x_wconf 86' lang='lat' dir='ltr'><strong>millibus</strong></span> <span class='ocrx_word' id='word_1_274' title='bbox 542 3468 794 3552; x_wconf 81' lang='lat' dir='ltr'><strong>quinquaginta,</strong></span> <span class='ocrx_word' id='word_1_275' title='bbox 816 3467 919 3548; x_wconf 87' lang='lat' dir='ltr'><strong>captis</strong></span> <span class='ocrx_word' id='word_1_276' title='bbox 940 3472 1104 3554; x_wconf 81' lang='lat' dir='ltr'><strong>sexaginta</strong></span> <span class='ocrx_word' id='word_1_277' title='bbox 1123 3467 1284 3556; x_wconf 83' lang='lat' dir='ltr'><strong>elephanti</strong></span> 
     </span>
     <span class='ocr_line' id='line_1_39' title="bbox 321 3548 1284 3636; baseline -0.004 -22"><span class='ocrx_word' id='word_1_278' title='bbox 321 3548 377 3614; x_wconf 70' lang='lat' dir='ltr'><strong>vix</strong></span> <span class='ocrx_word' id='word_1_279' title='bbox 395 3551 626 3636; x_wconf 79' lang='lat' dir='ltr'><strong>quinquaginta</strong></span> <span class='ocrx_word' id='word_1_280' title='bbox 646 3551 766 3612; x_wconf 87' lang='lat' dir='ltr'><strong>milites</strong></span> <span class='ocrx_word' id='word_1_281' title='bbox 784 3549 940 3611; x_wconf 84' lang='lat' dir='ltr'><strong>amiserit.</strong></span> <span class='ocrx_word' id='word_1_282' title='bbox 1283 3569 1284 3576; x_wconf 55' lang='lat'>¹</span> 
     </span>
    </p>
   </div>
   <div class='ocr_carea' id='block_1_8' title="bbox 319 3657 1284 4008">
    <p class='ocr_par' dir='ltr' id='par_1_13' title="bbox 319 3633 1284 4016">
     <span class='ocr_line' id='line_1_40' title="bbox 382 3657 1284 3743; baseline -0.004 -21"><span class='ocrx_word' id='word_1_283' title='bbox 382 3663 449 3722; x_wconf 81' lang='lat' dir='ltr'><strong>XL.</strong></span> <span class='ocrx_word' id='word_1_284' title='bbox 471 3663 585 3743; x_wconf 75' lang='lat' dir='ltr'><strong>Pugna</strong></span> <span class='ocrx_word' id='word_1_285' title='bbox 604 3659 749 3722; x_wconf 86' lang='lat' dir='ltr'><strong>feliciter</strong></span> <span class='ocrx_word' id='word_1_286' title='bbox 767 3657 936 3734; x_wconf 82' lang='lat' dir='ltr'><strong>conlecta,</strong></span> <span class='ocrx_word' id='word_1_287' title='bbox 967 3659 1106 3732; x_wconf 84' lang='lat' dir='ltr'><strong>Caesar,</strong></span> <span class='ocrx_word' id='word_1_288' title='bbox 1134 3658 1256 3718; x_wconf 87' lang='lat' dir='ltr'><strong>relicto</strong></span> <span class='ocrx_word' id='word_1_289' title='bbox 1278 3671 1284 3740; x_wconf 66' lang='lat' dir='ltr'><strong>t</strong></span> 
     </span>
     <span class='ocr_line' id='line_1_41' title="bbox 322 3737 1284 3828; baseline -0.008 -20"><span class='ocrx_word' id='word_1_290' title='bbox 322 3745 486 3828; x_wconf 80' lang='lat' dir='ltr'><strong>Thapsum</strong></span> <span class='ocrx_word' id='word_1_291' title='bbox 506 3747 542 3807; x_wconf 89' lang='lat' dir='ltr'><strong>C.</strong></span> <span class='ocrx_word' id='word_1_292' title='bbox 560 3743 678 3804; x_wconf 83' lang='lat' dir='ltr'><strong>Rebilo</strong></span> <span class='ocrx_word' id='word_1_293' title='bbox 701 3741 917 3826; x_wconf 83' lang='lat' dir='ltr'><strong>proconsule,</strong></span> <span class='ocrx_word' id='word_1_294' title='bbox 951 3741 988 3802; x_wconf 76' lang='lat' dir='ltr'><strong>nt</strong></span> <span class='ocrx_word' id='word_1_295' title='bbox 1005 3737 1158 3803; x_wconf 75' lang='lat' dir='ltr'><strong>&#39;l&#39;istlrum</strong></span> <span class='ocrx_word' id='word_1_296' title='bbox 1177 3741 1235 3802; x_wconf 86' lang='lat' dir='ltr'><strong>Cn.</strong></span> <span class='ocrx_word' id='word_1_297' title='bbox 1256 3741 1284 3800; x_wconf 81' lang='lat' dir='ltr'><strong>nt</strong></span> 
     </span>
     <span class='ocr_line' id='line_1_42' title="bbox 321 3821 1283 3912; baseline -0.006 -24"><span class='ocrx_word' id='word_1_298' title='bbox 321 3829 432 3902; x_wconf 86' lang='lat' dir='ltr'><strong>mitio,</strong></span> <span class='ocrx_word' id='word_1_299' title='bbox 462 3829 519 3889; x_wconf 87' lang='lat' dir='ltr'><strong>illo</strong></span> <span class='ocrx_word' id='word_1_300' title='bbox 539 3845 610 3888; x_wconf 85' lang='lat' dir='ltr'><strong>curn</strong></span> <span class='ocrx_word' id='word_1_301' title='bbox 629 3827 754 3898; x_wconf 87' lang='lat' dir='ltr'><strong>tribus,</strong></span> <span class='ocrx_word' id='word_1_302' title='bbox 787 3824 850 3888; x_wconf 86' lang='lat' dir='ltr'><strong>hoc</strong></span> <span class='ocrx_word' id='word_1_303' title='bbox 874 3843 945 3884; x_wconf 88' lang='lat' dir='ltr'><strong>cum</strong></span> <span class='ocrx_word' id='word_1_304' title='bbox 965 3821 1088 3886; x_wconf 83' lang='lat' dir='ltr'><strong>duabus</strong></span> <span class='ocrx_word' id='word_1_305' title='bbox 1110 3821 1283 3912; x_wconf 66' lang='lat' dir='ltr'><strong>legionibut</strong></span> 
     </span>
     <span class='ocr_line' id='line_1_43' title="bbox 319 3905 1283 4008; baseline -0.005 -37"><span class='ocrx_word' id='word_1_306' title='bbox 319 3909 443 3972; x_wconf 84' lang='lat' dir='ltr'><strong>Uticam</strong></span> <span class='ocrx_word' id='word_1_307' title='bbox 461 3911 596 4008; x_wconf 72' lang='lat' dir='ltr'><strong>praeire</strong></span> <span class='ocrx_word' id='word_1_308' title='bbox 609 3913 652 3974; x_wconf 89' lang='lat' dir='ltr'><strong>M.</strong></span> <span class='ocrx_word' id='word_1_309' title='bbox 668 3907 841 3972; x_wconf 79' lang='lat' dir='ltr'><strong>bleiiallam</strong></span> <span class='ocrx_word' id='word_1_310' title='bbox 856 3907 966 3989; x_wconf 87' lang='lat' dir='ltr'><strong>jubet,</strong></span> <span class='ocrx_word' id='word_1_311' title='bbox 990 3905 1062 3990; x_wconf 88' lang='lat' dir='ltr'><strong>ipse</strong></span> <span class='ocrx_word' id='word_1_312' title='bbox 1080 3927 1152 3967; x_wconf 88' lang='lat' dir='ltr'><strong>cum</strong></span> <span class='ocrx_word' id='word_1_313' title='bbox 1170 3909 1283 3992; x_wconf 80' lang='lat' dir='ltr'><strong>equitat</strong></span> 
     </span>
    </p>
   </div>
   <div class='ocr_carea' id='block_1_9' title="bbox 318 4031 1283 4298">
    <p class='ocr_par' dir='ltr' id='par_1_14' title="bbox 318 4031 1283 4298">
     <span class='ocr_line' id='line_1_44' title="bbox 354 4031 1283 4160; baseline -0.002 -32"><span class='ocrx_word' id='word_1_314' title='bbox 354 4071 578 4141; x_wconf 65' lang='lat' dir='ltr'><strong>capxxxvll.</strong></span> <span class='ocrx_word' id='word_1_315' title='bbox 589 4071 760 4160; x_wconf 36' lang='lat' dir='ltr'><strong>Plutqcass.</strong></span> <span class='ocrx_word' id='word_1_316' title='bbox 771 4067 856 4128; x_wconf 65' lang='lat' dir='ltr'><strong>sucat</strong></span> <span class='ocrx_word' id='word_1_317' title='bbox 866 4069 902 4124; x_wconf 78' lang='lat' dir='ltr'><strong>tls</strong></span> <span class='ocrx_word' id='word_1_318' title='bbox 911 4072 945 4125; x_wconf 90' lang='lat' dir='ltr'><strong>B.</strong></span> <span class='ocrx_word' id='word_1_319' title='bbox 956 4069 1049 4125; x_wconf 74' lang='lat' dir='ltr'><strong>Afric.</strong></span> <span class='ocrx_word' id='word_1_320' title='bbox 1069 4073 1142 4158; x_wconf 72' lang='lat' dir='ltr'><strong>Cap.</strong></span> <span class='ocrx_word' id='word_1_321' title='bbox 1152 4031 1283 4126; x_wconf 58' lang='lat' dir='ltr'>xxxvl:</span> 
     </span>
     <span class='ocr_line' id='line_1_45' title="bbox 318 4137 1259 4298; baseline 0.009 -38"><span class='ocrx_word' id='word_1_322' title='bbox 318 4137 1011 4298; x_wconf 54' lang='lat' dir='ltr'><strong>illtfttltibitibi,ltili·</strong></span> <span class='ocrx_word' id='word_1_323' title='bbox 1031 4144 1160 4218; x_wconf 46' lang='grc' dir='ltr'><strong>*ΡΜ</strong></span> <span class='ocrx_word' id='word_1_324' title='bbox 1178 4141 1259 4198; x_wconf 67' lang='lat'><strong>&#39;&#39;¹¹⁸‘&#39;</strong></span> 
     </span>
    </p>
   </div>
   <div class='ocr_carea' id='block_1_10' title="bbox 0 0 1298 4688">
    <p class='ocr_par' dir='ltr' id='par_1_15' title="bbox 0 0 1298 4688">
     <span class='ocr_line' id='line_1_46' title="bbox 0 0 1298 4688; baseline 0 0"><span class='ocrx_word' id='word_1_325' title='bbox 0 0 1298 4688; x_wconf 95' lang='lat' dir='ltr'><strong> </strong></span> 
     </span>
    </p>
   </div>
  </div>
 </body>
</html>
