2658 4686
166 337 209 402 nt
225 327 377 399 rocon
396 337 475 402 nra.
496 334 665 400 cxxxnr.
687 335 800 403 mvn.
928 335 987 418 en,

38 475 247 494 ·“““““““““““
534 487 544 525 s

37 559 62 605 to
78 543 230 628 exemplo,
259 541 342 603 sicut
366 539 447 602 nihil
465 537 510 602 cll
530 541 569 602 aul
590 542 773 616 imitandum
804 535 1000 608 adulatione'
1016 542 1048 598 U·
1064 560 1092 598 a·
1108 544 1169 614 7²³.

37 625 166 692 uelocius,
190 637 259 685 toto
279 643 350 684 mox
368 622 448 683 orbe
467 621 620 686 coelestes
635 627 667 685 ei
684 639 755 686 sunt
773 625 984 691 honoresue·
1016 613 1048 668 Α·
1063 615 1096 668 ⁰·
1108 631 1157 684 ²⁹¹.
1241 641 1243 656 ¹

37 705 99 774 biti,
128 705 298 787 pellimque
313 723 372 787 per
389 701 484 764 nrbes
502 703 729 766 celeberrimas
749 707 822 768 vito
841 721 986 782 mortuo-

38 806 86 868 que
102 785 278 852 sacerdotes
298 799 330 847 et
347 784 482 865 collegia
503 799 641 857 sacrata,
664 800 776 850 erecta
792 786 884 860 lena,
907 807 988 872 quae

38 881 156 928 teteruun
180 869 322 928 lleorum
347 863 481 926 delubra
506 865 609 928 ferme
634 865 787 930 structura
814 883 990 952 ornatuque

38 961 213 1032 superarent.
254 943 464 1010 Alexandrini
485 967 614 1034 quoque
636 945 808 1010 Sebuiliuin
834 947 991 1012 exstruxe-

37 1025 113 1100 runt,
132 1029 283 1112 templum
300 1027 446 1091 Caesaris
466 1028 680 1110 navigantium
705 1029 883 1113 praesidis,
907 1037 991 1110 (Epi-

38 1115 163 1172 tuters'um
185 1111 195 1170 i
221 1109 248 1172 si
272 1107 554 1192 cognominabant)
576 1111 628 1172 cui
650 1111 735 1172 aliud
755 1131 907 1194 nusquam
935 1131 991 1194 par

37 1195 100 1264 luit,
127 1133 339 1254 celeberrimo
362 1191 434 1252 loco
460 1189 576 1262 eitam,
604 1191 823 1286 magnitudine
842 1207 874 1256 ct
892 1180 990 1256 subli⁶

37 1275 124 1335 nitate
137 1273 356 1356 conspicuum,
380 1267 537 1332 refertum
554 1271 709 1342 donar-ris,
731 1291 809 1333 auro
829 1287 923 1356 utque
941 1295 992 1336 ar·

54 1369 115 1416 ento
128 1367 283 1428 ornatum,
306 1353 489 1432 circumque
515 1371 554 1414 ue
573 1353 718 1434 porticus
740 1352 872 1426 habens,
892 1369 925 1417 et
939 1355 991 1416 bi·
1078 1348 1082 1362 ’

55 1435 202 1508 liotltecae,
217 1434 316 1504 aulea,
332 1433 432 1504 lucos,
444 1369 607 1504 voiiibnla,
620 1433 810 1506 ambulacra,
825 1433 992 1519 spatiosis·
1010 1503 1013 1508 ,

37 1517 218 1588 simeonunia,
241 1528 273 1576 et
285 1513 561 1597 sumptuoeillima.
582 1513 686 1576 Etiam
702 1515 795 1578 ludos
811 1517 994 1598 quinquen-

37 1599 125 1669 mlea,
155 1616 234 1680 quos
259 1609 347 1665 tum,
378 1593 583 1676 permittente
611 1596 767 1668 Caesare,
802 1596 994 1680 Pergameni
1031 1673 1036 1682 .

36 1677 175 1748 fecerant,
221 1675 630 1760 rorinciarnm‘plereeque
672 1677 879 1762 ropcmoslnm
901 1679 994 1762 oppi·
1098 1687 1100 1696 ’
1145 1749 1147 1752 ,

36 1759 115 1819 latim
135 1699 374 1822 conbituerunt.
417 1759 484 1817 Nee
501 1769 605 1819 temen
623 1757 633 1817 i
660 1770 695 1828 ε’,
718 1771 873 1840 tamquam
891 1759 994 1820 homi·
1114 1755 1120 1792 ¹

37 1859 68 1900 ne
83 1851 249 1922 reputaret
268 1833 496 1919 augustiorem,
528 1838 686 1922 recepisse
700 1839 863 1910 creditur,
886 1839 943 1903 sed
961 1853 996 1902 nt

36 1933 85 1980 tam
97 1923 152 1982 late
165 1923 206 1984 ins
232 1919 333 1980 eranti
346 1916 433 1978 utilis
447 1917 598 1998 regendis
610 1918 707 1981 rebus
720 1921 996 2062 veneratioqnae·

36 2015 156 2064 necetur.
225 1999 349 2082 lioquin
368 1999 616 2076 domiaietiem,
644 1999 762 2064 nedum
784 2009 900 2075 Dei,a
927 2003 996 2086 pel·
1085 2055 1089 2064 .

35 2079 166 2144 lationem
187 2077 430 2142 eonllantillisne
451 2079 587 2163 repulits
620 2095 671 2154 et,
691 2103 878 2168 quamquam
900 2085 994 2145 esium

36 2162 264 2243 proconsulibus
285 2159 417 2222 decer-ni
437 2161 553 2254 temple
572 2163 680 2226 solere
705 2163 821 2233 sciret,
851 2167 883 2228 in
913 2164 994 2226 urbe

36 2245 149 2316 nullum,
170 2244 202 2304 in
219 2241 397 2326 provinciis
412 2239 541 2307 nonnisi
558 2245 718 2308 commoni
735 2266 794 2308 sno
809 2249 994 2330 Romaeque

35 2326 166 2402 nornine,
193 2325 333 2408 recepit.

84 2455 205 2518 LXXX.
239 2453 304 2518 Sed
337 2454 586 2542 imperatoribus
614 2455 762 2538 sequutir
791 2447 901 2542 palliin
929 2477 993 2519 non
1025 2488 1178 2542 sumn„

35 2535 116 2597 modo
135 2535 274 2608 Graeci,
306 2535 362 2598 setl
380 2537 474 2597 etiam
495 2535 658 2620 quaelibet
675 2539 882 2618 provinciae,
915 2552 991 2598 tem·
1006 2559 1181 2628 quassam..

34 2615 76 2696 pla
94 2629 276 2698 posuerunt.
309 2615 350 2680 de
364 2615 446 2678 'urbe
465 2629 498 2679 et
517 2615 604 2680 ltalia
628 2616 692 2676 Dic
712 2615 867 2682 hactenus
883 2633 992 2701 negat,
1005 2627 1155 2680 asseritur.

34 2708 63 2756 nt
86 2697 245 2781 qnisquam
274 2698 370 2760 ullius
419 2697 493 2760 retii
517 2697 617 2762 luerit
639 2696 772 2786 bnjpeoe
794 2699 842 2761 rei
870 2708 992 2781 auctor.
1018 2701 1028 2716 “

34 2776 99 2846 sel,
126 2779 275 2862 quoniam
294 2779 365 2862 ipae
406 2779 480 2840 atim
498 2778 645 2860 subiicit,
678 2790 915 2860 Imperaten'lus
933 2807 996 2844 m.

34 2861 267 2932 laetationem,
290 2871 379 2940 otqire
392 2867 485 2925 etiem
505 2867 604 2924 Heron
624 2865 744 2926 decreto
754 2863 865 2937 fuisse,
883 2865 993 2926 mirari

34 2943 127 3016 subit,
152 2944 230 3028 quid
253 2943 353 3026 igitur
376 2943 524 3006 interelle
547 2955 655 3026 putet,
678 2961 741 3014 ne,
766 2945 819 3025 qui
844 2946 924 3007 hacc
944 2945 991 3008 la·

33 3029 286 3107 eerepot'uernnt,
300 3023 379 3084 illud
396 3025 488 3086 etiarn
504 3023 661 3086 iecerint:
677 3026 866 3104 praesertim
884 3045 990 3110 quum,

34 3118 60 3164 et
79 3107 108 3165 in
125 3107 204 3168 urbe
226 3105 318 3168 suilla
336 3107 452 3202 templa
477 3101 628 3186 Augusti,
659 3099 742 3163 band
766 3107 991 3170 contemnendi

34 3201 183 3260 auctores,
205 3207 222 3248 a
246 3187 360 3271 quibos
380 3207 448 3248 rusa
467 3198 556 3258 sunt,
577 3181 767 3268 prodidere.

84 3317 219 3378 blllllll.
241 3318 307 3378 Per
325 3316 403 3378 haec
425 3329 534 3378 exacta
551 3311 676 3385 hieme,
700 3315 818 3376 Caesar
837 3315 871 3376 in
888 3315 988 3378 Grae·
1020 3313 1165 3402 0„„,',„‚

34 3397 102 3457 tiam
125 3413 217 3482 atque
241 3398 317 3459 inde
343 3419 360 3457 a
385 3393 540 3458 Corintho
568 3393 773 3456 Brundisium
804 3398 990 3464 transmisit.
1002 3417 1163 3472 remiseras.

33 3476 126 3570 Quum
145 3479 255 3542 urbem
277 3477 431 3547 intraret,
453 3475 537 3538 inter
549 3495 715 3538 occursum
735 3477 838 3538 omnia
854 3477 990 3552 ordinis,

34 3561 143 3633 aetatis,
166 3579 336 3642 sexusque,
358 3559 466 3642 pallini
484 3555 639 3620 sacrificia
657 3577 697 3618 ex
716 3561 991 3622 senatusconsulto
1024 3595 1032 3600 -

34 3637 121 3701 lecta:
142 3656 174 3704 et
184 3643 332 3706 Valerius
342 3640 486 3712 Potitus,
507 3640 563 3722 qui
581 3639 698 3701 tnm'in
719 3639 793 3700 anni
808 3654 898 3722 parte
915 3659 992 3704 con-
1138 3645 1142 3652 '

34 3722 155 3784 sulatum
177 3723 329 3806 gerebat,
352 3721 480 3784 nomine
503 3731 632 3782 senatus
651 3721 827 3805 populique
845 3722 989 3796 Romani,

364 3828 368 3846 .
945 3827 950 3867 ,
1058 3833 1061 3840 .

64 3909 129 3984 Cap.
149 3911 272 3967 nxxlx.
302 3907 425 3964 Sueten
448 3905 521 3978 tuq.
535 3905 579 3974 eu.
607 3906 769 3964 Tacbnn.
788 3925 816 3970 a,
837 3923 877 3962 ro.
901 3905 988 3968 atilli
1029 3922 1033 3930 ¹
1133 3935 1140 3944 ·

33 3978 103 4048 Lipa.
120 3979 203 4035 l’luilo
218 3976 256 4033 asl
269 3975 380 4044 (laium.
407 3973 473 4030 llio.
496 3975 618 4030 Sueten
631 3973 706 4047 Aug.
720 3975 765 4042 bo.
784 3973 865 4028 (lus-t.
882 3975 901 4031 l.
914 3977 942 4044 ll,
959 3977 986 4030 5.

33 4047 143 4104 Suettan⁴
164 4049 286 4120 lnpb'l.
303 4043 397 4098 Philo.
417 4043 673 4114 Suessuanpes.
708 4042 899 4114 capmxxx.
919 4043 986 4098 Dio.

33 4113 101 4172 Plio.
115 4117 159 4179 35,
172 4123 200 4182 q.
234 4115 308 4184 Gap.
324 4111 448 4170 Lxxxl.
465 4110 533 4170 Diu.
551 4109 669 4182 strabo,
685 4109 708 4166 l.
720 4125 762 4166 ao.
776 4127 807 4188 p.
821 4110 881 4178 485.
899 4111 985 4166 Oros.

32 4183 58 4250 b,
75 4202 111 4255 sq.
127 4183 204 4244 Vell.
217 4199 244 4254 a,
258 4181 304 4252 Bp.
329 4179 399 4238 Dia·
725 4248 786 4335 w
809 4271 830 4322 ²
