2658 4686
609 49 627 108 Χ

87 311 92 318 ·
202 319 247 386 ru
267 317 418 384 norun
438 321 521 386 nm.
542 317 714 418 cxxxiv.
735 323 851 396 mvn
954 327 1011 412 sq,

325 479 337 508 e
557 459 1006 502 -T-—m

19 525 292 652 {llssffsd'dl‘m’
320 537 356 588 at
379 529 455 588 aliis
479 528 598 590 labores
619 527 835 608 injungentem
860 551 897 593 ac
918 535 1009 596 male·
1041 535 1076 662 [Α]
1089 556 1124 664 ὃ
1136 541 1197 680 qu.

88 691 205 754 Lxlx.
232 689 314 750 ilaec
331 693 359 748 si
374 693 583 764 praestiteris,
600 697 635 752 in
652 703 704 752 tua
720 695 895 754 innocentia
911 697 1010 756 'rneri-
1042 725 1193 782 ,mm

20 790 112 828 mum
132 770 260 830 babebis
274 766 463 838 prae'sidium
480 770 669 828 securitatis.-
688 789 742 828 nec
759 773 941 830 succensebit
955 777 1012 832 tibi
1025 801 1173 850 ,mmm

22 843 201 913 quisquam,
223 837 308 896 crede
321 836 407 898 milri,
428 856 480 894 nec
495 837 704 896 insidiabitur.
738 839 826 896 'staec
842 849 944 900 autem
960 845 1011 902 ubi
1025 867 1191 928 mamm

23 910 214 974 obtinueris,
235 908 319 964 beate
333 911 365 960 ut
380 905 474 973 siuas,
494 925 649 964 necessum
666 911 734 966 erit.
759 909 830 981 quid
848 914 928 966 enim
941 929 1009 968 sua·
1024 935 1162 989 ,Μηνὶ
1234 951 1242 970 ,

23 981 111 1042 sius,
141 995 230 1052 quam
272 994 305 1030 rr
325 975 463 1032 uirtutem
485 977 624 1032 amnium
641 975 846 1032 bumanorum
863 977 1010 1038 bonorum
1162 954 1187 991 ι’

14 1047 208 1118 fruitionem
222 991 374 1116 adeptum,
391 1060 427 1100 ea
443 1043 592 1120 dilargiri
608 1042 680 1102 aliis
695 1046 786 1104 etiam
802 1049 910 1116 passe?
929 1049 1011 1106 Haec

22 1117 150 1188 igitur,
168 1123 212 1182 et,
230 1131 306 1186 quac
321 1109 404 1178 diei,
422 1121 536 1178 cetera,
559 1122 659 1172 tetum
677 1117 871 1184 taminatus,
891 1134 1012 1188 sequere

21 1185 213 1240 sententiam
231 1199 348 1242 meam,
374 1197 466 1252 neque
481 1181 659 1250 Fortunam,
680 1200 755 1254 quac
774 1191 802 1238 te
817 1201 856 1238 es:
871 1187 1012 1244 omnibus

21 1254 182 1309 delectum
195 1267 333 1307 summae
347 1267 445 1304 rerum
461 1251 615 1322 imposuit,
634 1249 788 1306 abalienet.
821 1249 859 1305 Si
872 1273 940 1308 uero
955 1253 1012 1312 tibi

22 1323 113 1396 regis
138 1318 306 1402 adpellatip
329 1317 480 1410 liqmanis
504 1318 609 1376 odiosa
630 1319 790 1404 displicet,
817 1319 876 1376 uim
896 1323 1011 1394 ample-

20 1385 1013 1532 itta'sitiit2itatis,sititettitttttsn‘l“ini

20 1530 115 1599 prius
134 1533 177 1584 est
192 1523 326 1588 delutum
341 1525 425 1596 patri
440 1530 503 1588 tuo,
522 1527 582 1582 siue
596 1523 752 1596 quodlibet
767 1523 855 1582 aliud
872 1527 917 1582 ita
933 1545 1012 1583 cnm·
1108 1566 1121 1580 .

22 1603 199 1669 paratum,
223 1601 254 1648 ut
274 1589 379 1660 aliquo
402 1593 546 1648 uocabulo
568 1602 685 1650 ceteras
700 1600 865 1666 potestates
881 1597 1012 1666 praemi·

20 1681 125 1720 neas.-
153 1663 245 1750 regni
268 1659 409 1718 omnibut
433 1661 537 1726 bonis,
564 1666 643 1719 citra
664 1660 849 1718 inuidiosum
871 1660 937 1746 ejus
959 1683 1011 1720 no.

22 1751 117 1798 rnen,
136 1733 276 1802 pascaris.
312 1729 375 1788 Ubi
389 1725 484 1789 linem
497 1730 626 1792 dicundi
637 1735 805 1794 Maecenas
817 1733 912 1804 iecit,
931 1735 1010 1796 cotis

22 1811 161 1902 uirique
182 1805 313 1903 gratiis..
338 1811 473 1882 Caesar,
495 1811 582 1896 quod
603 1811 754 1874 adcurate
774 1811 943 1896 libereque
960 1812 1011 1876 di·

22 1889 144 1950 urticat
165 1901 373 1962 sententium,
397 1909 432 1954 ce
450 1892 728 1958 consideraturum
746 1889 891 1957 ostendit.

82 2017 188 2080 Lxx.
209 2019 258 2080 Ea
277 2031 423 2102 tempore
440 2021 478 2082 P.
493 2023 659 2084 Maronem
702 2023 824 2096 obtem,
846 2043 905 2106 per
919 2026 1007 2086 iisc-
1037 2015 1067 2072 V
1063 2021 1156 2090 tegitis

20 2101 149 2162 ceneris
167 2099 476 2162 commendationem
494 2101 580 2164 iuter
596 2043 774 2166 familiares
793 2103 938 2166 Caesaris
955 2123 1007 2166 re·
1021 2095 1163 2146 mmm·

20 2197 174 2264 ceptum,
205 2180 437 2264 interrogatum
455 2181 494 2244 cb
510 2203 569 2253 oo,
602 2183 688 2245 iuter
710 2183 856 2247 divertes
877 2199 1007 2246 sentcn-

19 2263 81 2322 tiae
98 2259 292 2334 fluctuante,
313 2267 494 2338 expediatne
510 2270 628 2340 priuata
643 2269 861 2346 rempublicam
879 2291 1007 2349 occupa·

20 2369 71 2414 re,
91 2351 119 2405 si
137 2365 229 2406 casus
244 2345 353 2405 detur?
374 2337 459 2416 ajunt
474 2337 559 2400 huno
579 2339 611 2400 in
631 2360 760 2402 sensum
778 2341 1004 2423 respondisset

24 2417 215 2494 Quicumque
239 2416 384 2476 hactenus
408 2417 526 2476 Romae
554 2437 654 2477 rerum
680 2421 769 2492 potiti
790 2428 877 2488 sunt,
905 2425 1006 2480 itare

19 2486 255 2558 gesserunt‚'ut
270 2499 357 2558 seque
375 2494 402 2542 et
418 2488 495 2546 ciues
508 2505 624 2561 magna
642 2491 675 2545 in
694 2491 806 2547 timore
821 2492 924 2555 uiuere,
941 2511 1006 2560 per·

17 2556 182 2628 petuisqtse
205 2555 445 2626 suspicionibus,
471 2565 621 2630 cogerent.
659 2560 698 2616 At
712 2561 741 2614 si
755 2559 820 2628 quis
832 2561 1006 2615 exoriretur

18 2633 48 2680 et
61 2633 179 2697 gratur
194 2640 212 2677 a
228 2623 378 2694 principio
394 2623 524 2690 ciuibus,
552 2632 581 2680 et
600 2643 687 2698 quem
709 2627 769 2682 sibi
784 2623 867 2698 juste
882 2625 1003 2696 praesn-

18 2701 125 2746 turum
145 2687 335 2756 confiderent
341 2709 353 2760 ‚·
380 2689 447 2764 ejus
466 2695 627 2762 imperium
646 2695 707 2764 ipsi
722 2691 889 2765 populoque
904 2697 1003 2764 perin-

17 2761 55 2816 de
70 2756 248 2832 juctsndum
270 2775 306 2814 ac
325 2758 450 2816 salubre
458 2759 569 2832 suerit.
617 2763 834 2836 Tuigitursi,
862 2761 1003 2834 quemad·

17 2831 150 2884 modurn
167 2828 339 2892 instituisti,
353 2825 512 2904 justitiam
529 2835 617 2902 atque
632 2828 849 2888 liberalitatem
862 2835 1002 2886 constan·

17 2905 62 2953 ter
78 2892 296 2970 amplecteris,
318 2901 347 2951 te
362 2894 518 2953 dominari
534 2903 562 2952 rt
576 2899 633 2956 tibi
649 2897 797 2956 conducet
812 2906 841 2953 et
856 2897 933 2953 orbi.
1016 2891 1021 2916 ¹

77 3015 197 3076 Lxxt.
220 3014 304 3075 Sene
327 3026 419 3085 sunt,
450 3013 506 3096 qui
531 3027 597 3074 tum
620 3027 756 3096 propter
775 3013 917 3102 auctoris
941 2995 999 3076 ob·
1029 3024 1182 3092 Quartum,

17 3097 208 3157 raucitatem
234 3095 294 3156 iste
319 3095 486 3176 rejiciant,
522 3107 588 3156 tum
610 3095 683 3176 quic
711 3095 806 3156 nimis
826 3094 1182 3176 absurdunserzuett·

14 3189 151 3260 putant,
181 3175 222 3236 dc
240 3173 334 3237 tentis
356 3177 453 3238 rebus
472 3175 660 3259 requisitam
699 3180 791 3237 uitae
809 3177 997 3238 sententiam
1011 3159 1046 3210 ¹¹¹
1063 3167 1105 3244 'l‘
1119 3165 1169 3246 'lli'

14 3259 120 3320 aredi.
166 3257 312 3329 seditio,
334 3256 481 3341 quisquis
496 3271 564 3328 est,
590 3197 787 3337 Virgilianae
810 3258 895 3320 vitae
918 3227 1177 3352 εονὶ-έὲἔὲςξέω

13 3355 89 3420 pior
103 3335 173 3398 nbn
188 3337 311 3398 linxiiio
328 3337 417 3410 heec,
440 3355 550 3402 rerum
573 3335 611 3396 eb
631 3337 865 3422 antiquioribus
882 3338 997 3402 tradite
1133 3333 1143 3354 ‘

13 3437 169 3492 narrare,
199 3417 344 3482 videtur:
375 3432 407 3479 et
432 3417 487 3501 qui
516 3421 634 3500 Magno
665 3419 846 3480 Alexandro
877 3421 998 3483 assidui

14 3499 199 3560 consiliarii
218 3499 321 3561 vicem
337 3499 471 3559 Homeri
498 3519 597 3581 opere
619 3497 863 3580 circumgestetu
885 3503 999 3564 merni-

13 3591 138 3642 nerunt
146 3599 156 3656 3
178 3599 241 3640 non
261 3579 429 3642 admodum
449 3579 666 3650 mirabuntur,
696 3579 868 3661 Virgilium
888 3586 998 3666 Augu,

11 3675 85 3732 sto,
121 3660 177 3742 qai
201 3679 307 3746 neque
338 3681 374 3721 sa
398 3659 483 3720 inire
510 3659 728 3720 Alexandrum
751 3663 857 3735 l'ortc,
891 3677 932 3726 tra
957 3683 997 3725 ue

14 3743 196 3802 Romanum
220 3755 323 3802 vetem
345 3741 429 3802 inire
442 3741 580 3802 Homeri
599 3740 734 3822 gloriam
755 3756 903 3824 poneret,
925 3685 996 3806 ibo-
1110 3787 1114 3796 ·

14 3840 114 3882 neura
138 3820 260 3892 visam,
290 3821 380 3902 cujus
404 3823 595 3884 sententium
612 3821 646 3880 in
674 3839 712 3882 rc
735 3819 864 3884 difficili
886 3825 997 3908 exqui.

13 3917 123 3963 rerett
156 3899 316 3964 foecundo
333 3903 466 3986 ingenio
480 3903 603 3972 virum,
636 3913 668 3962 ct
688 3903 756 3965 ceri
778 3917 996 3986 perpetuaque

12 3981 224 4044 meditatione
251 4003 359 4046 rerum
383 3983 588 4049 humanarum
624 3983 727 4044 execti
747 3981 878 4064 judiciis
909 3983 997 4068 quod

39 4123 1098 4308 wmfflmmmwmmss

763 4263 830 4312 12
