2654 4686
344 310 403 374 aaa
433 305 634 404 rnatnsn.
651 266 1269 372 snrrnruanronuunmatnn.

419 473 423 486 ·
1309 453 1310 494 t

179 507 211 564 ὓ·
230 524 423 584 enh-Pars
442 536 562 596 tamen,
594 521 632 582 sd
654 518 863 582 sublevandas
886 537 982 580 nares
1004 515 1162 598 projectis
1181 519 1285 584 innare
1309 501 1310 570 l

176 579 312 636 M'ffl’
343 603 488 693 turpibus
508 618 601 687 atque
620 602 839 672 armamentis,
861 601 1029 666 abierunt:
1052 599 1172 680 quibus
1188 607 1287 674 amitis,
1309 601 1310 610 ’

156 701 162 718 “
345 685 546 758 Caesariani,
569 697 714 746 carentes
735 683 831 752 velis,
855 696 887 742 et
903 693 1027 742 tantum
1053 679 1090 738 ad
1110 701 1237 764 pugnam
1251 707 1288 762 pa.

344 769 423 839 rati,
447 780 623 828 ceterarum
645 765 749 846 lugani
770 763 928 844 impedire
947 759 1025 823 satis
1042 761 1123 832 rati,
1147 762 1203 842 jara
1218 767 1310 844 arta-t

344 844 413 908 cias
435 863 465 910 et
484 847 646 929 apertius,
670 843 872 906 multitudine
891 843 1019 904 naviam
1041 855 1076 903 et
1095 857 1190 904 vento
1206 845 1290 905 laren·
1309 853 1310 864 ¹

343 943 376 990 te
395 928 488 999 irati,
514 927 747 1010 oppugnabant.
788 927 877 1019 Ergo
897 921 1081 995 crudelior,
1107 945 1195 1006 qaam
1212 941 1288 998 antra

342 1009 534 1094 pugnacite
558 1021 725 1090 coeperat;
759 1027 820 1068 nec
843 1027 902 1086 jam
926 1005 1176 1086 gubernatorum
1197 1009 1290 1068 artibus

344 1105 377 1151 et
397 1109 521 1150 suarum
542 1091 706 1152 celeritate
725 1089 849 1150 narium
867 1095 1033 1149 contentus
1046 1086 1195 1146 Caesaris
1210 1089 1288 1158 miles,
1309 1103 1310 1166 t

343 1171 562 1232 conscendere
581 1169 729 1241 hostiles,
758 1183 806 1240 et,
834 1169 944 1230 tractis
966 1168 998 1226 in
1039 1183 1177 1250 rneceps
1195 1185 1239 1228 ant
1254 1167 1310 1252 rel

366 1250 762 1335 ulsis‘propugnatoribun
786 1250 922 1322 evadere
940 1249 971 1308 in
991 1189 1136 1310 salutata.
1146 1251 1287 1310 nitebatur.
1309 1279 1310 1360 p

179 1407 185 1419 ,
341 1273 408 1394 lert
430 1333 579 1429 peribant
604 1335 689 1393 inter
712 1333 791 1393 baec
810 1331 918 1402 multi,
949 1328 1021 1388 dum
1041 1329 1150 1389 contis
1171 1345 1310 1426 protrusit

241 1418 245 1430 ⁴
341 1415 487 1496 narigse,
517 1428 570 1475 cut
591 1414 757 1474 securibus
780 1431 889 1482 caesa,
916 1423 1083 1493 practerea
1107 1413 1252 1490 conjectis
1268 1415 1293 1472 in

341 1493 398 1556 bas
418 1515 458 1556 ex
479 1507 550 1556 ante
571 1507 681 1576 parato
699 1491 898 1576 ponderibus
919 1503 1129 1572 praegravata
1148 1492 1293 1554 satiarunt:

309 1605 315 1620 ι
341 1577 415 1648 aiii,
437 1576 510 1637 darn
526 1576 682 1658 praealtas
700 1593 796 1636 naves
815 1571 985 1646 scandunt,
1007 1569 1136 1648 dejecti,
1160 1593 1230 1658 pars
1243 1571 1310 1634 aot-t

342 1655 407 1718 iata
427 1657 511 1740 peda
531 1656 740 1718 trucidantur.

180 1777 329 1858 ignorate·
401 1777 441 1842 V.
463 1779 565 1860 lgitur
583 1777 716 1849 Caesar,
738 1789 772 1838 at
789 1775 914 1839 minore
932 1796 1062 1839 suorum
1080 1779 1227 1862 periculo
1242 1799 1294 1838 ran

156 1849 326 1926 ‘mmm‘
341 1857 533 1926 conficeret,
557 1857 663 1940 ignem
683 1857 804 1921 adferri
824 1857 908 1938 jutt'n
924 1878 941 1920 e
960 1855 1086 1932 cedris,
1110 1881 1175 1942 quo
1197 1861 1295 1920 auxilio

341 1953 432 2002 antea
450 1940 629 2010 abstinere,
652 1959 692 2000 ne
713 1937 829 2020 praeda
850 1954 1129 2025 corrumperetur,
1153 1941 1297 2022 cogitare·

339 2035 398 2085 rat.
440 2023 521 2081 Tum
537 2019 615 2082 ve'ro
635 2019 742 2103 pallini
759 2042 776 2079 a
791 2019 986 2082 Caesarianis
1003 2021 1095 2102 ignes
1111 2021 1209 2080 variis
1224 2021 1297 2102 inge·

339 2103 404 2164 niis
425 2101 510 2180 jacti.
546 2121 631 2174 nam,
661 2113 790 2184 praeter
810 2100 1028 2184 jacula'ignits
1048 2100 1202 2184 facesque
1222 2122 1297 2160 mann

339 2182 456 2264 jactas,
479 2184 605 2244 vascula
621 2200 766 2266 quoque,
789 2181 862 2264 pice
878 2182 998 2244 referta
1017 2201 1054 2242 ao
1068 2183 1225 2254 carbone,
1246 2198 1298 2241 tor·

340 2266 456 2326 mentis
475 2264 690 2326 vibrabantur.
731 2264 784 2334 Et,
806 2283 1003 2346 quamquam,
1026 2261 1112 2324 dulci
1128 2263 1219 2344 prius
1234 2283 1298 2344 aqua

341 2359 542 2426 consumpta,
578 2343 696 2406 deinde
714 2343 865 2404 marinam
884 2341 1091 2406 infunderent
1110 2341 1299 2412 exstincturi,

339 2427 412 2507 plus
430 2426 603 2508 augebatur
618 2424 809 2492 incendium,
833 2423 920 2485 vires
935 2443 975 2484 ex
991 2425 1073 2486 salsa
1089 2446 1170 2508 aqua
1187 2426 1298 2519 capien-

339 2506 425 2568 tibus
446 2501 591 2568 tiam-ia.
633 2509 713 2568 Tum
733 2525 828 2576 sero,
852 2525 948 2586 quum
965 2506 1071 2565 omnia
1092 2507 1235 2588 experiri
1255 2525 1300 2566 ns·

339 2587 464 2650 cellitas
488 2599 640 2670 cogeret,
672 2585 862 2648 centonibus
891 2599 984 2668 atque
1013 2585 1093 2646 adeo
1119 2587 1298 2669 corporibus

322 2668 521 2731 -occisorum
542 2667 668 2746 injectis
687 2663 841 2727 suilbcari
857 2665 947 2728 visus
965 2663 1009 2727 eil
1025 2667 1128 2749 ignis3
1151 2668 1214 2728 sed
1230 2687 1300 2734 mor,

231 2746 234 2756 ’
339 2749 454 2821 rictis,
482 2767 561 2830 quae
583 2745 787 2820 obstiterant,
816 2760 914 2810 rento
933 2765 1062 2832 quoque
1080 2748 1299 2818 exsuscitatus,

339 2825 555 2912 importunior
575 2829 685 2909 elusit.
736 2865 743 2876 ·

174 2927 326 3012 Ouarsapa·
401 2933 453 2997 vt.
486 2935 607 3032 lpitur,
639 2896 961 3030 multiplicatolmetn
982 2931 1096 2997 mortis
1119 2929 1299 3001 erilernsti,

155 2997 199 3049 Μ
214 3003 307 3076 *¹3⁸¹*
339 3011 442 3075 donec
460 3013 588 3098 quadem
608 3015 802 3112 perreliqua
818 3015 907 3078 naris
923 3014 1070 3087 ardebat,
1094 3013 1300 3099 repugnabant

148 3065 310 3176 “dmm'‘
337 3095 508 3165 incendio,
554 3113 622 3157 uass
642 3114 814 3178 corporum
830 3096 1081 3176 objectu'arceri
1099 3097 1220 3179 pollet,
1242 3115 1302 3156 cas·

337 3174 443 3236 dendo
464 3115 602 3249 tabulas,
623 3175 849 3238 transferendo
867 3187 982 3250 onera,
1010 3192 1063 3240 aut
1085 3178 1116 3238 in
1133 3197 1240 3247 mare,
1262 3177 1301 3234 in·

336 3255 462 3317 tardum
482 3258 515 3318 in
533 3257 623 3340 ipses
641 3257 735 3318 etism
756 3254 861 3318 boiies
882 3257 1099 3330 immittendo,
1130 3272 1163 3319 ut
1190 3258 1242 3319 rel
1262 3257 1301 3318 sic

336 3335 553 3413 laederentur.
597 3340 715 3408 Erant,
738 3339 794 3420 qui
812 3357 939 3418 semper
957 3359 996 3400 se
1013 3339 1209 3422 recipientes
1227 3341 1258 3398 in
1272 3357 1302 3396 aa

336 3415 422 3490 loca,
457 3438 520 3500 quo
543 3417 683 3480 nondum
704 3412 791 3500 ignis
810 3433 1053 3502 penetraverat,
1082 3419 1227 3482 manibus
1244 3419 1300 3480 ier·

261 3519 265 3534 ·
335 3499 403 3558 reis
422 3513 653 3582 acutorumque
672 3500 763 3560 uncis
781 3497 909 3560 boliiles
926 3501 1068 3565 retinere
1084 3521 1179 3562 naras
1193 3519 1301 3562 sumna

311 3618 313 3622 -
336 3580 543 3662 contentione
561 3579 759 3643 laborarent:
781 3593 816 3641 nt
835 3581 867 3640 in
887 3579 943 3649 bas
961 3578 1139 3648 insilientes
1153 3596 1211 3640 aut
1228 3581 1299 3640 sala·

335 3671 400 3730 tem
421 3675 697 3742 consequerentur
714 3680 755 3746 ex
771 3659 925 3732 victoria,
949 3676 1029 3736 sat,
1049 3663 1075 3723 si
1093 3685 1148 3724 una
1166 3661 1300 3744 perdere

260 3791 263 3800 .
337 3737 687 3822 inimicospotuiiient,
711 3741 855 3803 solatium
876 3743 1001 3818 mortis,
1042 3739 1081 3804 Ut
1099 3755 1203 3802 autem
1224 3743 1300 3800 teras

338 3821 484 3881 Caesaris
502 3841 599 3881 naves
616 3821 795 3904 perieulum
811 3819 906 3882 facila
923 3819 1121 3906 effugerunt,
1142 3835 1174 3882 et
1193 3821 1302 3880 arden-

337 3899 416 3960 tium
438 3901 573 3964 tabulata
590 3921 625 3964 ac
641 3903 740 3966 latera
758 3901 796 3962 ad
816 3901 915 3985 ipsam
936 3925 1037 3988 usque
1056 3905 1189 3965 carinam
1212 3901 1299 4040 depp-

198 4027 209 4038 .
268 4040 272 4063 ‚
336 3975 378 4039 tta
401 3977 541 4053 llamma,
565 3983 688 4056 locum,
719 4003 783 4068 quo
804 3982 1021 4046 concederent
1041 3985 1136 4055 ultra,
1163 4001 1236 4042 uon

337 4104 666 4131 ιιι-ιι--ι-ι-μ-

224 4213 232 4224 ,
339 4153 511 4235 ⁸0ap.1V.
530 4129 597 4223 Dio.
634 4168 709 4241 Gap·
724 4171 762 4230 V·
782 4167 888 4242 virgil.
902 4167 975 4226 Aea.
991 4167 1019 4223 d·
1031 4119 1064 4226 ar.
1078 4167 1136 4238 ⁶9⁴·
1153 4163 1233 4220 oto.
