2610 4696
155 317 197 382 ttt
216 311 371 380 LOCUM
391 315 473 378 LIB.
496 313 639 381 cxxut.
660 315 776 386 Ltvtt.
821 379 833 394 ,
895 319 957 398 me

30 445 493 478 ----Ἶ·---·4-·--

29 529 123 614 rigant,
147 527 233 612 prius
250 527 412 612 Rheginis
435 525 508 590 doto
528 523 612 602 iide,
641 541 733 590 certo
752 539 955 604 curaturum,
985 525 1020 584 tt.
1031 543 1134 600 apro..

27 617 54 676 ni
71 631 214 672 enumero
235 611 364 672 urbium
383 611 621 682 eximerentur,
645 629 727 694 quae
746 609 781 670 in
799 609 956 672 victoriae
985 599 1020 654 Α·
1035 597 1124 668 (3·41·

26 696 151 780 praemium
170 693 347 776 pronaiii'ae,
364 691 521 754 militibus
541 691 680 756 fuerant.
710 689 797 775 quod
816 692 902 756 enim
921 712 956 754 e·

24 791 69 840 nrt
80 789 302 858 peropportuno
321 774 354 834 in
370 773 512 836 Siciliam
532 773 607 844 situ,
631 787 664 838 et
681 794 742 857 pro
767 775 958 856 ugnaeuinnt

24 859 94 918 batiae
110 871 232 939 propter
250 857 427 940 potentiam
448 855 665 928 habebantur,
687 877 728 918 ne
744 796 809 916 boc
829 869 957 918 terrore

24 941 167 1020 adPonpeji
183 939 356 1000 amicitiam
371 951 580 1021 cogerentur,
601 937 686 1000 baud
703 936 818 1020 injuria
834 951 958 1000 metue·

23 1019 61 1082 bt.
86 1023 177 1081 eadem
203 1021 305 1102 igitur
331 1019 544 1094 iiberalitate,
576 1019 735 1084 similibus
760 1018 800 1082 de
824 1018 955 1092 causs'rs,

23 1121 71 1184 erga
84 1103 268 1166 i'ibonenses
288 1123 366 1164 usos
386 1099 438 1166 el't.
1036 1127 1042 1176 ι

62 1225 87 1288 V.
104 1225 137 1286 bt
152 1225 339 1310 Pompeius,
363 1225 462 1290 totins
481 1223 613 1289 Siciliae
632 1222 767 1308 potitus,
790 1223 830 1286 Δ.
844 1221 953 1305 Bithy·
983 1221 1141 1283 Samth.

23 1307 104 1376 ticon,
123 1306 233 1370 structo
254 1309 391 1372 crimino
410 1308 619 1394 proditionis,
642 1305 815 1368 interimit:
829 1307 953 1368 elatos·
966 1299 1104 1378 ’ΜΨ

36 1409 61 1448 re
73 1389 205 1450 felicitate
225 1412 282 1452 sua
297 1411 433 1475 pugnam
451 1389 595 1450 noralem
632 1407 712 1472 rope
725 1387 884 1470 Rhegium
899 1407 953 1448 ex·
967 1367 1113 1422 imm·

22 1411 100 1542 ibuit,
126 1485 156 1532 ut
176 1473 209 1532 in
229 1485 406 1556 conspeetu
425 1469 558 1554 bostium
581 1411 670 1532 eliet.
705 1469 847 1554 captivos
868 1469 955 1530 enini

24 1551 115 1612 interae
132 1571 329 1616 concurrere
349 1559 512 1636 coegerat,
535 1551 616 1613 aiios
631 1551 762 1636 ligneis,
785 1551 866 1612 aiios
883 1551 954 1634 pei·

22 1631 79 1694 lieris
92 1635 231 1718 navigiis,
253 1635 293 1694 ad
311 1633 523 1697 deridendum
536 1633 713 1694 Salvidieni
730 1646 954 1693 commentum.
1083 1677 1087 1688 .

22 1715 88 1776 iarto
110 1715 222 1778 deinde
250 1717 376 1778 nemum
404 1735 557 1787 numero,
587 1735 684 1800 quum
705 1735 793 1776 snare
814 1713 954 1776 ricinum

21 1791 72 1858 isrd
85 1797 167 1860 dubie
183 1799 322 1860 haberet
339 1800 372 1860 in
393 1797 565 1882 potestate,
587 1797 726 1876 majores
744 1797 837 1858 etiam
856 1796 954 1880 spiri·

21 1859 50 1937 bs
62 1881 191 1964 sumpsit,
219 1881 362 1964 Neptuni
386 1901 421 1942 se
441 1877 542 1940 fliium
564 1879 693 1954 ferens,
722 1873 808 1966 quod
828 1891 859 1942 et
880 1877 954 1964 ipss

21 1959 99 2038 pient
114 1962 275 2034 cladibus,
304 1975 336 2022 et
354 1961 547 2060 progenitas
564 1961 643 2024 effet
659 1981 717 2035 eo,
740 1961 796 2045 qui
811 1961 888 2024 olim
903 1973 953 2024 to-

21 2037 145 2120 insularis
160 2043 335 2127 imperium
349 2045 508 2106 tenutiiet.

55 2165 91 2226 ii.
117 2165 246 2228 interim
268 2167 403 2242 Caesar,
435 2167 527 2229 eisiie
546 2165 756 2228 Brundisium
779 2163 948 2236 adrectae,
978 2179 1123 2232 omn-sa

20 2257 58 2308 un
71 2249 195 2310 Antonio
215 2247 373 2333 agitabat,
404 2246 670 2344 quemadmodum
692 2256 951 2330 'transportarent
963 2249 1139 2302 Anastasis

20 2329 101 2410 ttpias,
130 2351 168 2392 ne
192 2353 209 2392 a
231 2335 346 2392 Murco
369 2341 616 2414 exciperentur,
652 2329 686 2388 in
713 2327 819 2390 vicina
846 2317 1131 2454 ἰηωῐιῗνὶΐιῖεὖ
1163 2347 1166 2355 ’

20 2425 57 2468 tan
68 2413 184 2482 naribus
199 2427 330 2476 eentum
347 2411 386 2474 ad
402 2411 463 2473 hoc
477 2412 582 2495 ipsum
597 2409 785 2472 excubante.
807 2407 950 2470 'l'andem
963 2467 1073 2509 mun*

20 2487 106 2564 brsar,
137 2497 259 2557 ornatis
288 2493 514 2578 instructisque
541 2505 700 2576 tamquam
726 2489 765 2550 ad
788 2491 950 2574 proelium

20 2575 121 2666 tutibus,
140 2589 256 2672 petere
276 2577 411 2672 insulam
429 2573 549 2660 coepit.
590 2575 642 2670 At·
657 2577 806 2669 Murena,
836 2592 879 2635 ne
899 2571 950 2636 di·

20 2655 665 2828 ii‘iniii'io'iiiiiaiibi'iiiiidiii
683 2654 948 2820 ,idditf'diiitii

20 2820 79 2964 pori
93 2818 238 2894 batione,
260 2821 295 2882 in
315 2834 460 2906 apertum
479 2839 566 2882 mare
587 2831 719 2882 erectus
737 2815 791 2880 eii.
822 2817 948 2879 interes

50 2919 90 2959 sar
104 2903 271 2987 occuparit
286 2903 443 2979 insolam
470 2915 519 2974 et,
543 2901 617 2986 qnia
635 2901 742 2962 nulius
759 2897 793 2961 in
811 2899 946 2996 propin-

20 2973 49 3062 i⁰
61 2997 156 3061 portos
175 2998 266 3056 erat,
289 3003 383 3070 quem
402 2997 515 3045 tenere
529 2987 660 3044 Murcus
677 2983 792 3066 poliat,
813 3003 845 3042 m
859 2982 965 3044 'l'be-'

20 3062 140 3142 peritam
157 3067 269 3150 coiigit
284 3065 513 3128 transmittere.
555 3065 597 3126 At
612 3063 668 3126 ille
683 3063 731 3126 sic
745 3085 874 3149 quoque
888 3063 947 3126 ob-

20 3145 112 3208 errabat
127 3149 306 3222 onerarias,
328 3147 445 3232 quibus
461 3145 582 3208 milites
599 3145 633 3206 in
645 3147 864 3208 Macedoniam
881 3159 947 3208 tra·

36 3223 41 3236 '
56 3224 166 3292 bantur:
189 3251 378 3314 quamquam
397 3227 636 3290 deducerentur
653 3249 669 3288 a
685 3227 832 3290 Caesaris
848 3226 946 3289 trire-

30 3303 86 3367 'ue
122 3309 184 3372 sed
204 3311 290 3373 adeo
308 3311 419 3372 favens
439 3309 504 3372 iiiia
523 3321 638 3370 ventus
655 3308 736 3382 snit,
768 3321 803 3372 ut
820 3308 946 3392 praeti-

60 3388 126 3451 nihil
149 3411 252 3476 egere
277 3393 477 3454 viderentur.
521 3393 673 3454 Ceterum
692 3409 798 3474 neque
819 3387 945 3474 postea,

20 3483 69 3550 pun
83 3486 111 3533 et
127 3493 245 3536 vacuae
265 3487 511 3536 reverterentur
527 3468 754 3546 Brundisium,
776 3485 809 3536 et
828 3475 947 3534 iterum

20 3551 108 3630 plena
124 3557 200 3618 alias
220 3558 335 3640 copiae
349 3553 605 3626 transveherent,
628 3553 876 3652 deprehendere
891 3573 947 3615 eas

20 3631 136 3710 terrae,
162 3639 244 3702 licet
264 3653 417 3722 expertus
437 3636 560 3708 omnia,
591 3649 714 3718 potuit:
745 3634 849 3698 donec
875 3635 947 3697 nni·

20 3729 83 3776 mua
97 3723 258 3784 exercitus
275 3739 346 3782 cum
364 3722 501 3783 Caesare
523 3730 556 3780 et
569 3718 710 3780 Antonio
729 3717 763 3780 in
778 3718 949 3782 Graeciam

20 3801 256 3879 mundentur.
282 3805 414 3864 Murena
431 3815 552 3872 umen,
574 3795 652 3862 licet
664 3797 776 3864 iratam
790 3801 853 3864 sibi
865 3803 948 3862 For·

20 3893 78 3940 nan
92 3897 229 3965 potaret,
263 3885 296 3946 in
314 3903 351 3946 ea
367 3880 499 3946 statione
516 3875 669 3964 perstitit,
699 3903 834 3968 sperans
852 3881 944 3954 iore,

20 4003 298 4030 ¹¹—n——n

29 4073 78 4148 up.
90 4077 135 4134 iv.
153 4074 277 4140 Strabo,
291 4073 348 4130 16.
364 4089 394 4146 p.
405 4073 465 4131 aaa.
485 4067 615 4196 Appiam
650 4067 770 4140 cap-V.
790 4067 852 4124 biv.
863 4065 944 4148 Epit.

20 4135 50 4196 ie·
77 4145 136 4219 cap.
149 4147 202 4200 Vi.
225 4145 353 4224 Appiae.
372 4141 510 4212 Polyaon.
552 4135 794 4207 eructuant.
818 4137 946 4212 Appiae.

20 4205 102 4280 'apen
116 4215 243 4292 sppian.
265 4211 340 4272 tatt.
354 4227 382 4282 a,
396 4227 441 4280 po.
459 4209 522 4268 Lis.
534 4205 612 4284 eois
631 4204 761 4282 oppius.
