2588 4688
221 299 230 330 ¹
322 313 1268 398 aaavnetsntt.SUPPLEMENTontJuLm.Lxxx1.

321 451 452 467 ιι--ι-ὐ

162 529 303 597 iia-708·
325 527 479 611 rogaturi.
514 528 612 588 Multa
631 526 685 589 bio
702 525 833 588 Cimber
850 547 866 586 a
883 525 1021 588 Caesare
1036 522 1195 587 beneficis
1212 543 1282 586 aceo

156 601 194 655 A·
208 602 240 655 C·
254 607 299 668 tt·
324 626 430 694 perata
453 629 590 693 quorum
609 609 778 670 immemor
793 607 911 692 primas
929 609 963 668 in
980 625 1021 671 eo
1035 607 1182 668 facinore
1197 620 1282 688 parte

240 767 243 776 Ι
325 692 495 775 suscepit..
522 693 582 764 At,
613 691 751 752 Caesare
774 689 939 784 negotium
964 689 998 750 in
1021 689 1109 750 aliud
1133 685 1282 748 diflerentt

276 808 280 816 ·
323 787 467 856 tempus,
491 787 539 844 et,
563 773 636 856 quia
650 771 867 855 impudentius
881 769 1069 854 urgebatur,
1089 771 1220 832 volente
1229 787 1282 829 con

326 874 481 937 surgere,
512 867 617 935 togam
645 853 713 933 ejus
740 873 934 936 purpuream
956 851 996 914 ab
1014 865 1153 936 utroque
1172 847 1282 910 humen

327 936 458 1002 Cimber
473 934 729 1018 comprehendit.
759 933 821 996 hoc
841 935 969 1016 signum
988 947 1023 995 ut
1040 933 1119 996 edet
1135 930 1281 996 caeditis

326 1018 480 1090 ciundae,
508 1030 715 1078 convenerat.
760 1017 863 1098 Igitur
884 1015 1089 1088 clamantem,
1121 1014 1178 1093 Isto
1204 1013 1282 1093 quiin

327 1103 371 1161 vis
395 1097 448 1178 est,
481 1099 563 1160 aiter
587 1099 685 1160 Casca
713 1097 868 1160 sauciavit
895 1099 1003 1180 paullo
1034 1095 1118 1158 inira
1149 1096 1183 1176 ju
1226 1094 1279 1154 ium

327 1201 393 1242 non
418 1181 521 1252 letali,
554 1201 613 1242 nec
642 1179 812 1240 admodum
840 1180 904 1241 alto
929 1179 1084 1252 vulnere,
1115 1191 1179 1260 quo
1225 1177 1281 1235 inte

327 1261 454 1324 initium
475 1261 631 1324 facinoris
649 1281 760 1322 manua
779 1261 1009 1343 trepidaverat.
1051 1261 1094 1321 At
1106 1261 1224 1322 Caesar
1236 1277 1282 1318 cor

327 1341 455 1426 reptans
471 1345 591 1404 Catscae
609 1341 776 1404 brachium
794 1342 931 1426 graphio
949 1341 1096 1420 trajecit,
1120 1341 1282 1408 exclamant

327 1425 461 1486 Scelerate
480 1425 582 1496 Casca,
603 1425 670 1506 qaid
684 1423 782 1502 ¹fiatis?
811 1437 844 1486 et
864 1423 1019 1507 prosilire
1037 1421 1226 1490 conabatur,
1246 1421 1282 1479 uit

326 1505 416 1568 foret
434 1507 472 1567 ab
492 1505 556 1567 aiio
571 1507 736 1590 percuiius
752 1505 786 1566 in
798 1519 944 1588 pectore.
968 1504 1063 1566 simul
1079 1505 1244 1565 irruerunt
1255 1519 1282 1562 ce

326 1589 390 1650 teri
410 1585 526 1649 strictis
547 1587 761 1671 pugionibus,
794 1585 924 1648 nemine
949 1605 1013 1648 non
1037 1585 1120 1648 banc
1142 1585 1281 1668 adpetant

326 1669 480 1751 gloriam:
511 1682 544 1730 et
562 1669 683 1730 Cassius
704 1667 835 1751 quidem
855 1681 951 1752 caput
967 1667 1038 1746 ejus
1056 1667 1170 1751 petiit,
1198 1669 1282 1728 Bruta

326 1751 480 1834 perculiit
500 1750 649 1834 inguina,
673 1749 802 1834 occiput
823 1749 1006 1814 vulneravit
1021 1750 1222 1812 Bucilianus.

389 1857 502 1920 nvnt.
525 1853 642 1934 Aiunt,
666 1855 758 1917 serae
772 1855 869 1918 modo
887 1877 923 1919 se
937 1867 1184 1919 convertentem
1201 1853 1282 1914 insin

328 1937 434 2020 gulos,
458 1951 576 1999 etcum
595 1938 737 2000 clamore
753 1951 998 2080 repugnantem,
1019 1937 1076 1998 ubi
1086 1941 1223 2000 Brutum
1235 1955 1282 2075 praa

303 2048 308 2060 ·
329 2039 392 2102 que
414 2019 586 2102 conspexit
606 2020 753 2091 irruere,
806 2021 898 2083 intre
916 2021 1052 2084 Graecis
1073 2019 1206 2092 verbis,
1260 2035 1282 2074 tn

327 2105 498 2160 etiamtum
516 2099 623 2172 tosa,
641 2099 710 2180 fili?
732 2106 821 2174 Nam,
868 2102 932 2164 uod
951 2099 1195 2186 flagrantissimo
1209 2105 1282 2160 amat

328 2201 388 2244 suo
408 2185 543 2244 Brutum
567 2195 741 2265 pepererat
761 2123 920 2257 Serviiia,
953 2199 1061 2246 natum
1084 2203 1124 2245 eu
1147 2203 1187 2244 so
1204 2177 1282 2250 crede

327 2262 393 2326 bat.
435 2263 502 2324 Atii
520 2277 658 2348 negant,
687 2265 784 2348 uliam
807 2265 927 2328 misissc
949 2285 1077 2338 vocem,
1109 2283 1218 2346 neque
1238 2255 1282 2344 pra

328 2344 522 2406 irruentium
538 2345 748 2408 multitudine
760 2345 869 2408 iacere
881 2347 1054 2443 quidquam
1067 2347 1227 2431 potuili'e3
1245 2365 1281 2404 set

328 2437 403 2508 toga
423 2428 520 2508 capiti
539 2426 702 2498 obvoluta,
725 2427 820 2489 simul
839 2427 964 2492 sinissra
981 2449 1075 2490 manu
1093 2427 1253 2491 deduxiiic
1266 2427 1281 2484 si

328 2527 404 2568 num
421 2507 531 2579 vet'tis,
555 2521 589 2569 ut
608 2508 768 2570 inferiore
784 2522 876 2592 parte
894 2511 1045 2608 eorporis
1059 2524 1143 2573 tecta
1156 2503 1281 2570 bonessit

329 2587 478 2660 caderet,
510 2610 574 2650 uno
595 2603 715 2652 tantum
737 2589 775 2650 ad
797 2589 935 2673 primurn
956 2606 1054 2654 totum
1075 2591 1166 2654 edito
1188 2589 1281 2674 gemin

141 2669 319 2746 apompeii
330 2671 402 2732 Hoc
418 2669 527 2732 babitu
548 2671 667 2733 cecidit
685 2671 725 2733 ad
739 2673 888 2755 Pompeii
904 2672 1048 2747 statuam,
1079 2694 1215 2756 eamque
1229 2671 1281 2772 larg

140 2747 270 2812 fiam·
312 2771 449 2826 ,cruore
465 2754 645 2836 respersit3
669 2775 765 2838 quum
782 2755 877 2816 etiam
897 2753 935 2816 in'
951 2756 1107 2834 jacentem
1126 2756 1280 2816 saeviretur

330 2853 521 2929 manumque
543 2837 638 2897 Bruti
654 2836 826 2902 ,sauciaret
850 2837 989 2911 Cassius,
1027 2839 1144 2901 eodem
1172 2849 1280 2918 tempta

297 2947 304 2954 ·
329 2917 453 3000 plagam
470 2915 626 2978 inferens.
669 2919 721 2978 De
739 2918 845 2980 tribua
865 2933 898 2982 et
915 2921 946 2982 vi
974 2921 1032 2982 inti
1045 2919 1245 2988 vulneribus,
1263 2929 1280 2975 tt

330 2999 416 3058 enim
443 2997 525 3059 facta
551 2985 661 3068 ebant,
693 2999 816 3062 nulium
836 2999 930 3064 fniffe
950 2940 1048 3064 ietale
1067 3001 1232 3072 medicus,
1257 3015 1280 3078 qt

331 3097 369 3138 ea
391 3077 551 3176 inspexip,
583 3079 795 3158 existimabat,
824 3083 1062 3168 praeterquod
1084 3083 1227 3146 secundo
1241 3081 1280 3229 lup

332 3175 500 3242 acceperat
519 3183 552 3221 ιη
572 3177 719 3244 pectore.

176 3271 269 3325 Terror
284 3278 310 3323 at
396 3268 479 3328 th.
505 3267 670 3348 conjurati
690 3291 809 3355 corpus
829 3271 863 3332 in
878 3271 1024 3334 Tiberim
1041 3270 1192 3344 trabere,
1214 3263 1279 3354 publi

148 3341 320 3394 mmm
334 3368 408 3410 care
426 3349 526 3422 bona,
550 3353 739 3414 rescindere
758 3367 845 3425 acta,
869 3353 956 3450 quod
975 3354 1081 3416 iuerat
1099 3355 1183 3437 ipsis
1201 3365 1279 3445 propt

147 3407 276 3466 ’.Μ’
335 3431 452 3502 situm,
484 3448 571 3496 metu
596 3435 739 3496 consulis
757 3435 912 3507 Antonii,
946 3451 978 3498 et
1007 3433 1148 3520 magistri
1177 3445 1279 3526 equtful

334 3513 472 3597 Lepidi,
504 3515 768 3598 supersederunt.
820 3515 904 3590 Sed,
938 3517 1048 3602 quiin
1070 3517 1162 3579 ouria
1183 3529 1279 3580 etan

288 3683 292 3694 .
335 3613 406 3656 eam
425 3610 573 3658 exsortes
592 3598 723 3658 consilii
740 3597 887 3672 fuerant,
912 3619 1007 3662 saevo
1029 3599 1213 3682 spectaculo
1228 3593 1279 3687 adtp

336 3721 674 3739 υ-ᾑ--ῌ-

360 3787 445 3870 ,Cap
461 3785 551 3842 Lvtt.
578 3787 654 3842 Plut.
680 3789 764 3844 Caes.
782 3800 811 3845 et
825 3793 929 3845 Bruto.
958 3789 1081 3844 Sueten.
1101 3765 1278 3916 ernesbi-[pp

361 3873 419 3909 tan.
445 3856 520 3910 Plut.
547 3855 610 3913 Cio.
627 3857 699 3914 Phil.
717 3877 748 3926 s,
766 3878 807 3912 ιι.
828 3859 949 3928 Sueten.
967 3857 1045 3912 etur.
1064 3858 1127 3910 οιΑ
1154 3856 1228 3926 pian.

336 3873 462 4006 iuotpn.
478 3925 554 3980 Ptin.
573 3927 695 4008 sueton.
714 3928 783 3982 Dio.
798 3927 876 3982 Plut.
891 3925 1017 4006 Appiani.
1043 3925 1116 3996 Gap.
1126 3873 1226 3980 dvm.
1238 3917 1264 3998 Pi

336 3994 792 4128 tttnftttstttat‘t
811 3992 1258 4118 ttttnttttur‘ttn'

337 4082 442 4256 pinpo.
461 4101 617 4255 aps’asa.
652 4082 952 4210 cap'unii'apiun.
968 4100 1046 4188 'etun
1064 4079 1253 4188 adiuta
1272 4183 1277 4210 4

362 4218 397 4257 ue
412 4219 461 4259 011·
507 4217 548 4258 ¹00
