2618 4686
240 279 458 348 uanocuu
476 281 783 353 umcxnrvn·
924 285 930 294 ’
971 288 1014 376 aa

13 485 129 570 oppido
145 501 183 552 et
225 503 308 554 oute
326 488 552 574 prohibiturus
566 491 673 556 hollos
686 493 872 562 videbatun
896 441 1010 580 Igitur,
1039 496 1075 558 U.
1095 516 1121 554 o.
1136 491 1199 565 νοῦ.

14 569 132 660 edoctis
161 571 200 632 iu
232 573 407 656 ructisque
434 565 538 638 tribua
561 575 767 658 legionibus,
798 579 895 640 usius
921 594 1012 642 ante·
1040 571 1077 626 Α·
1096 571 1130 626 ⁰·
1149 572 1197 638 4⁹·

13 671 158 733 wanno
178 674 290 716 cursu
306 655 508 720 contendere
527 657 566 720 ad
582 657 773 740 capiendum
790 661 897 722 locum
910 660 1012 742 jubeto
1156 659 1159 688 ¹

15 733 69 794 Sed
88 735 276 798 Afraniani
306 737 466 820 propiore
502 739 608 822 spatio
640 743 848 824 praeripiunt
878 744 1013 816 collecta
1071 739 1073 746 ’

19 831 142 900 ortaque
164 839 305 903 pugna,
326 819 487 882 'Caesaris
510 821 632 882 militet
653 825 867 906 repelluntur.
909 825 1014 886 Iitur
1125 887 1126 892 ,

21 897 156 962 subsidio
176 899 327 964 adducta
346 900 435 984 legio
451 921 547 976 noua,
569 923 666 986 qutun
683 906 822 968 invicem
840 845 1015 990 pepulillot

17 978 132 1056 balles,
162 981 312 1046 serrare
338 984 524 1046 certaminis
549 981 703 1048 cedentes
726 971 916 1072 insequuta,
949 987 1015 1050 ini·
1088 1047 1090 1054 ,
1201 1012 1205 1022 ·

16 1083 102 1144 quum
124 1067 163 1126 in
181 1065 299 1128 locum
317 1066 476 1128 succellit.
520 1065 672 1162 Quinque
696 1067 788 1130 boris
811 1069 857 1131 ibi
878 1057 1016 1131 dimica*-

15 1158 72 1204 tam
91 1145 160 1222 ell,
183 1167 312 1232 magno
331 1147 531 1210 Julianorum
550 1148 698 1232 periculo
709 1172 720 1230 5
743 1153 777 1212 in
796 1171 880 1236 quot
901 1171 942 1212 ox
960 1171 1016 1213 su·

12 1229 202 1312 perioribus
223 1231 314 1292 locis
340 1230 404 1291 telu
426 1243 517 1292 certo
537 1229 622 1311 jactu
646 1231 698 1293 adi
722 1232 868 1294 ebantur.
911 1233 1017 1294 Multo

13 1325 113 1374 tamen
134 1313 215 1396 plus
233 1313 427 1386 vulnerum,
450 1333 543 1396 quam
561 1311 682 1386 caedis,
700 1253 784 1376 luit:
808 1298 944 1376 bollium
960 1335 1016 1375 ru.

15 1414 68 1474 pra
93 1393 268 1458 ducentos
297 1392 508 1458 oeciderunt:
541 1395 660 1457 Caesar
679 1396 785 1458 amisit
805 1396 940 1458 circiter
961 1415 1014 1457 se·

15 1478 191 1560 ptuaginta.
233 1475 419 1542 Victoriam
442 1490 578 1560 utraque
604 1498 679 1560 pars
704 1477 911 1540 adscribebat
933 1477 1016 1541 sibit
1057 1505 1059 1510 ’
1100 1543 1102 1552 ,

13 1557 86 1618 Pom
112 1557 205 1640 ejani
222 1571 368 1642 propter
387 1559 541 1620 tumulum
561 1572 741 1632 retentum,
773 1560 829 1644 qui
874 1559 1014 1643 uguandi

17 1657 68 1699 tau
93 1663 109 1700 a
136 1641 275 1714 fuerat,
315 1653 348 1701 et
372 1653 501 1717 coactos
528 1583 923 1724 te1·gaverterehodes3
960 1639 1013 1716 hi,

21 1723 97 1805 quod
116 1733 267 1784 numero
289 1735 324 1784 et
340 1721 414 1784 loco
435 1721 550 1804 impari
573 1723 733 1806 proelium
753 1737 801 1785 tot
814 1723 906 1786 borio
925 1721 1015 1784 sulli-

20 1817 172 1878 naeraut‚
196 1819 232 1868 et
251 1804 293 1866 ad
311 1818 505 1876 extremum,
529 1803 648 1864 virtute
668 1802 814 1878 connisi,
837 1800 1018 1866 adscende·'

19 1902 83 1948 rant
103 1901 278 1962 montem,
310 1883 578 1970 adversariosque
600 1884 676 1948 inde
698 1886 732 1948 iu
752 1887 909 1972 oppidum
925 1885 1017 1971 fuga·

18 1986 135 2033 terant.
731 1971 734 1991 ¹

71 2079 162 2144 XVI.
185 2078 296 2160 Maius
316 2075 404 2144 iuter
423 2077 504 2144 baec
547 2078 723 2152 trienium,
749 2077 905 2142 resolutis
924 2093 1015 2138 mon·
1032 2075 1187 2159 ‘Apertam

19 2162 88 2222 tium
117 2161 282 2234 nivibus,
313 2183 466 2246 aquarum
491 2101 596 2227 subita
619 2158 786 2224 inundatio
810 2158 1017 2240 interminata
1028 2147 1180 2200 mmuh
1239 2183 1243 2190 ¹

20 2241 70 2316 est,
93 2264 182 2327 quae
205 2264 271 2306 una
291 2241 345 2306 die
365 2259 535 2330 utrumqne
553 2245 706 2308 Caesaris
722 2254 855 2330 pontem
873 2243 1019 2313 interru-¹

19 2326 67 2408 pit.
101 2321 216 2390 Castra
237 2339 332 2388 arant
349 2326 435 2388 inter
451 2323 515 2390 duo
531 2323 663 2390 flumina
678 2326 809 2390 Sicorin
824 2339 857 2388 et
868 2325 1013 2409 Cingam,

19 2408 96 2490 quod
116 2409 265 2492 spatium
282 2422 353 2470 erat
369 2407 510 2493 paffuum
527 2408 661 2472 circiter
677 2409 777 2470 millia
795 2407 940 2490 triginta.
962 2410 1015 2470 Iu·
1045 2485 1052 2494 Ι
1138 2481 1141 2497 .

19 2505 61 2548 ter
73 2491 160 2552 baec
176 2489 357 2565 conclusus
375 2504 481 2552 mutua
499 2491 661 2554 exercitus
678 2511 785 2575 neque
803 2489 909 2572 juvari
926 2489 965 2569 ab
981 2511 1023 2572 ³⁸2

19 2573 104 2634 miris
124 2571 340 2646 civitatibus,
376 2591 458 2656 quae
484 2584 581 2634 trama¹
597 2571 728 2635 flumina
754 2585 846 2636 erant
870 2571 1019 2654 positae„

18 2673 71 2714 nee
89 2653 131 2716 ab
150 2655 197 2742 il⁸
217 2653 444 2736 comitatibus,
474 2653 530 2738 qui
548 2657 716 2740 permagni
734 2675 774 2716 ex
789 2653 892 2722 Gallia
909 2653 1022 2727 ltaliaq
1099 2697 1102 2704 ·

19 2757 75 2819 que
89 2736 291 2812 veniebant,
315 2735 458 2816 adjuvari
462 2749 618 2878 1poterat:
640 2752 684 2818 et,
709 2738 765 2821 qui
779 2735 908 2818 longine
925 2748 1021 2800 erant.
1125 2793 1129 2802 ,

18 2821 202 2900 pabulatum
224 2819 363 2902 egr-elli,
385 2839 461 2880 nea
500 2815 597 2882 castra
613 2831 871 2892 reverterentur,
892 2813 1018 2898 magni-

20 2901 125 2966 tudine
152 2899 330 2962 fluminum
348 2899 612 2972 excludebantur.
654 2903 703 2964 Ex
727 2900 884 2984 proximis
908 2911 1016 2960 autem

20 2982 94 3046 locis
110 2985 319 3046 fumantum
337 2983 414 3044 olim
430 2983 470 3044 ab
482 2977 669 3045 Afranianis
684 2995 918 3066 comportatum
934 2977 1017 3061 ller-

21 3061 85 3126 dam
96 3067 229 3128 fuerat:
256 3065 470 3152 reliquumau
497 3065 660 3126 erioribus
677 3064 791 3126 diebus
808 3063 922 3146 copiae
935 3061 1014 3122 Cae-

22 3151 96 3210 saris
113 3148 380 3241 absumpserant.
414 3087 615 3210 bubonibus
633 3146 828 3208 frumentum
846 3159 919 3209 ante
938 3161 1019 3226 pro·

21 3231 119 3291 visum
143 3244 238 3292 erat:
271 3227 375 3292 adbuc
399 3221 546 3313 quotidie
567 3227 711 3314 undique
734 3225 1016 3310 comportabatur:

25 3327 153 3397 eratque
169 3313 286 3396 pabuli
307 3323 340 3372 et
358 3331 467 3374 rerum
488 3310 629 3372 omnium
648 3331 761 3392 magna
781 3309 891 3392 copia,
917 3309 1019 3390 quuur'

24 3410 118 3476 ponte
132 3414 237 3456 saxeo
256 3393 296 3456 ad
305 3393 443 3456 ilerdam
459 3403 574 3456 tooure
589 3406 769 3463 uterentur,
792 3404 825 3450 et
842 3391 911 3452 loca
926 3401 1016 3448 trane
1039 3453 1043 3461 ,
1087 3437 1090 3442 .
1156 3421 1161 3433 =

24 3475 139 3538 llumeu
167 3477 319 3559 integra,
357 3493 421 3558 quo
446 3475 621 3558 pertenire
641 3476 760 3538 Caesar
782 3491 848 3532 nou
869 3481 1015 3556 poterat,

25 3561 91 3619 aine
108 3559 263 3642 periculo
281 3557 440 3620 baberent
456 3557 490 3620 iu
507 3555 672 3642 potestate.
1015 3569 1018 3576 “

80 3666 185 3729 xvtl.
210 3663 340 3727 Idcirco
354 3662 480 3746 magnis
494 3663 526 3724 in
544 3660 789 3724 difficultatibus
801 3661 921 3722 Caesar
935 3665 1016 3729 erat,
1047 3655 1149 3736 (latter
1162 3651 1193 3736 ln

25 3747 209 3832 multosque
227 3745 394 3807 amittebat
412 3746 571 3888 ppotidie
594 3746 661 3830 qui,
684 3741 855 3828 pabulandi
871 3739 1015 3836 frumen·
1024 3723 1205 3860 mma(

26 3828 150 3892 tendite
166 3828 272 3890 caulla
290 3847 410 3912 progne
438 3849 460 3900 1,
483 3828 522 3890 ab
530 3827 684 3912 Hispania
699 3825 794 3888 facile
805 3820 1018 3910 'excipiebam'
1196 3827 1205 3844 ·

27 3925 86 3971 tur.
127 3909 272 3994 Hispani
296 3911 400 3984 enlm,
431 3911 506 3994 quia
530 3910 601 3972 sine
627 3910 753 3971 utribus
774 3909 809 3969 in
827 3903 1024 3969 bellumire
1137 3957 1140 3965 ,

27 4013 89 4054 nou
113 4005 378 4067 consueverunt,
412 3990 533 4053 iubos
563 3988 749 4054 vestimenta
780 3983 1016 4070 'conjiciebanta

30 4115 365 4138 ᾔ

55 4183 129 4257 Cap.
145 4179 229 4238 xvt.
247 4179 354 4236 bucam
373 4179 444 4236 Dio.
462 4175 592 4272 Α’ρρίεψ
612 4177 698 4268 Cart.

910 4233 1020 4268 ..ι-ὗ
