2610 4696
360 313 421 388 aaa
447 307 1288 416 rnamensnrrnsuerronuuameum.

192 513 226 571 Π·
242 532 269 570 ⁰·
281 533 343 589 ⁷¹⁰·
418 525 456 586 ll.
479 524 528 586 Ec
540 534 687 604 ternpore
699 539 826 584 saevom
841 537 934 581 omen
946 519 1087 582 oblatum
1099 509 1195 580 callio
1204 517 1291 580 lerant

138 669 141 684 ,
191 587 227 638 '⁴’
241 586 274 640 ⁰·
292 591 336 652 4¹·
357 625 428 666 narn
447 607 533 684 inter
548 601 738 666 lustrandum
755 602 851 664 lictor
863 601 1029 685 perversis
1042 600 1298 664 fascibnslaureanl

191 657 520 776 ffliffissimposuit.
563 686 634 746 Atia
678 703 782 768 noque
803 685 925 746 circum
944 684 1000 744 illa
1018 695 1161 764 tempora
1181 695 1243 742 suut
1256 665 1298 748 adl

170 736 198 840 i.
211 740 334 864 Philippi
356 783 462 830 notata
478 767 574 829 multa
590 705 749 850 prodigia.
770 767 871 828 'Puer
886 765 919 826 in
958 785 1062 848 omps,
1083 762 1236 828 Victoriae
1249 764 1294 822 cul·

168 875 297 930 pagum
355 863 391 913 tu
407 849 595 920 adornatus,
618 847 743 908 ferculo
762 845 893 908 decidit.
934 789 1068 909 l'erales
1085 865 1170 916 ares,
1192 843 1286 906 etctda

354 931 487 996 veribus
504 929 594 1006 vesci
615 929 747 1000 solitae,
779 951 874 1012 supra
897 927 996 990 castra
1014 925 1186 1011 gregatim,
1212 939 1240 985 ut
1259 925 1295 984 ali'

352 1013 468 1075 volunt
488 1029 560 1072 eum
580 1008 745 1086 horrendo
766 1007 920 1082 liridore,
950 1025 986 1072 ut
1000 1011 1167 1092 Appianus
1185 1005 1254 1068 trilii
1269 1005 1288 1065 ai

352 1093 474 1165 lentio,
496 1084 729 1162 consederund,
752 1112 849 1176 quum
866 1091 952 1154 inter
968 1093 1114 1155 Julianus
1132 1089 1230 1148 nullae
1245 1107 1288 1147 cen

354 1175 568 1259 spicerentur.
591 1173 830 1236 examinavere
844 1193 937 1256 apum
954 1173 1109 1235 continue
1127 1184 1198 1232 sunt
1211 1169 1288 1251 depre

352 1254 453 1317 hensa
470 1255 505 1316 in
516 1255 609 1316 Callii
624 1251 747 1340 castris:
770 1253 870 1350 idque
887 1253 968 1318 adeo
982 1253 1094 1323 ¹dirum
1110 1249 1252 1313 clientum
1263 1251 1290 1310 lta

350 1336 466 1409 bitum,
488 1350 523 1416 ut
541 1335 720 1420 haruspicis
739 1349 872 1409 monitu,
894 1335 977 1398 vallo
995 1335 1134 1396 interius
1153 1333 1275 1404 ducto,l

352 1437 410 1480 cns
430 1415 712 1481 intercluderetur.
753 1430 787 1478 et
810 1417 935 1500 pridie,
965 1437 1058 1504 qnam
1080 1412 1289 1500 pugnatnmel

352 1497 455 1572 dnae,
476 1519 557 1584 quae
575 1497 728 1562 hactenus
749 1498 926 1561 exercitum
946 1500 1114 1562 comitatae
1133 1498 1264 1568 fuerant,

355 1581 462 1664 quilae
476 1582 701 1644 evolaverunt:
724 1581 935 1678 sequentique
954 1594 1049 1643 nocte
1066 1592 1226 1663 spectrum
1241 1579 1283 1640 ide

355 1681 392 1724 ae
408 1661 525 1725 obtolit
540 1662 662 1746 Bruto,
682 1661 768 1746 quod
788 1673 951 1741 trajectens
971 1683 1010 1725 es
1026 1663 1106 1724 Asia
1124 1659 1252 1724 viderat.

416 1771 468 1840 lll.
492 1767 557 1830 Sed
579 1781 612 1830 et
629 1767 750 1832 Romae
777 1767 835 1832 sub
860 1767 945 1830 idem
970 1783 1034 1832 tem
1058 1789 1096 1829 us
1119 1765 1296 1850 adparuerm

353 1850 471 1924 multa,
503 1863 538 1912 ut
563 1848 722 1912 creditum
750 1849 812 1924 all,
868 1853 1010 1935 rassagio
1035 1791 1230 1911 iuturorunr.
1266 1849 1282 1908 S

354 1931 525 2016 aliquando
544 1932 673 1992 minima
692 1871 935 2018 magnitudine,
950 1951 1186 2014 nonnumquam
1201 1929 1272 1988 masi

355 2033 391 2076 ee
411 2011 565 2084 ostendit,
594 2011 671 2096 quin
693 2027 724 2076 et
744 2029 841 2076 noctu
863 2013 909 2075 sic
928 2011 1069 2083 cllulsit,
1098 2023 1154 2084 ut,
1176 2023 1285 2092 tamenn

354 2094 407 2155 die
430 2111 522 2168 orto,
554 2093 591 2154 ad
620 2113 699 2178 opus
728 2105 927 2178 surgeretur.
974 2093 1149 2156 Monstrum
1173 2091 1294 2152 bilonne

354 2175 444 2254 cujus
461 2176 643 2246 ,austeriores
660 2189 767 2258 partes
783 2195 916 2260 equum,
938 2175 1133 2260 posteriores
1148 2173 1285 2232 mulumr

7 2307 9 2326 ‚
106 2327 111 2332 ,
170 2257 500 2336 cauponatum-ant,
523 2257 606 2318 mula
624 2258 763 2340 peperit.
792 2257 832 2319 de
853 2257 946 2320 coelo
988 2259 1121 2338 leraque
1139 2268 1287 2316 taetasun

355 2353 389 2400 et
407 2339 492 2399 inter
508 2337 587 2399 hacc
605 2358 658 2398 ara
672 2339 763 2399 Joris
775 2337 930 2403 Victoris.
967 2358 1040 2400 aces
1061 2340 1095 2398 in
1113 2337 1208 2399 coelo
1227 2335 1285 2396 risa

253 2425 259 2436 ⁸
355 2419 483 2480 auditus
504 2420 637 2500 clangor
659 2419 822 2492 tuberum,
861 2433 893 2482 et
916 2417 1065 2504 strepitus
1089 2437 1265 2488 armorum,

249 2540 252 2549 ι
352 2500 474 2561 clamor
492 2500 700 2571 exercituum,
724 2520 763 2561 ex
779 2501 927 2564 Caesaris
944 2515 977 2563 et
987 2500 1125 2562 Antonii
1141 2497 1254 2561 hortis.

350 2601 425 2642 nem
443 2579 563 2642 aeditui
581 2594 735 2642 mortuam
753 2582 840 2644 canis
855 2582 894 2644 ad
907 2582 1036 2644 Cereris
1052 2582 1210 2664 templum
1225 2577 1294 2638 traxi

350 2659 460 2724 effolla
486 2681 525 2732 ue
542 2661 680 2745 pedibus
696 2661 813 2736 humo,
832 2677 989 2748 tamquam
1004 2663 1036 2723 in
1052 2662 1207 2744 sepulcro
1222 2657 1293 2720 cond

350 2742 409 2804 dit.
440 2683 546 2804 irilam
570 2761 641 2804 curn
666 2742 758 2805 denis
781 2744 814 2804 in
834 2759 970 2841 utraque
989 2763 1082 2804 manu
1106 2743 1219 2827 digitis
1241 2755 1284 2800 nat

350 2821 405 2885 ett.
447 2827 481 2886 ln
502 2823 676 2885 Mutinensi
704 2843 782 2907 agro
805 2825 969 2888 Victoriae
991 2825 1155 2886 Marianae
1185 2824 1275 2905 signu

319 2969 322 2976 ,
348 2903 519 2966 meridiem
540 2917 705 2988 apertura,
729 2927 783 2968 sue
804 2921 918 2990 sponte
938 2925 1131 2968 conversum
1152 2907 1186 2968 iu
1205 2917 1287 2986 septe

343 2987 489 3048 trionem
508 2983 588 3048 hora
609 2999 731 3070 quarta.
781 2987 904 3050 Currus
926 2986 1109 3059 Minervae,
1141 3007 1280 3071 quump

348 3065 576 3128 decursionem
593 3066 735 3150 equitum
752 3068 784 3128 in
799 3069 989 3163 Capitolium
1005 3067 1233 3140 reduceretur,
1253 3085 1287 3127 co

347 3144 470 3209 fractus
494 3143 548 3209 att.
597 3147 701 3232 Quum
726 3147 805 3211 haec
827 3149 967 3212 victimis
988 3137 1218 3231 expiarentflr,
1248 3149 1289 3208 sol

347 3241 416 3290 tres
439 3229 571 3303 circiter
591 3227 672 3290 hora
692 3231 786 3292 tertia
807 3227 873 3290 diei
894 3231 977 3302 visi,
1008 3251 1081 3292 mox
1103 3232 1137 3292 in
1159 3249 1292 3292 unumo

350 3309 424 3371 hem
444 3311 611 3373 contracti.
652 3311 794 3386 Latinis,
818 3332 915 3393 quum
935 3326 968 3375 et
984 3325 1133 3394 tempore
1153 3313 1276 3377 alieno.

350 3389 546 3474 apraeiecto
561 3391 666 3464 urbis,
689 3389 778 3470 cujus
796 3393 960 3454 adcuram
978 3412 1016 3455 ea
1032 3414 1086 3454 res
1104 3394 1241 3456 minime
1259 3411 1293 3474 pe

350 3471 491 3554 tirohet,
524 3471 556 3531 in
572 3471 697 3534 Albano
720 3487 828 3537 monte
846 3473 1100 3544 sacrificaretur,
1133 3497 1174 3538 ex
1198 3473 1288 3538 hume

351 3571 388 3614 ec
404 3551 524 3636 pollice
542 3553 635 3616 Jovis
654 3553 767 3615 dextro
787 3574 884 3618 cruor
901 3556 1048 3617 manavit.
1080 3553 1193 3620 Fluvii
1210 3557 1282 3640 quid

351 3635 386 3696 in
406 3653 484 3718 egro
501 3637 645 3697 Romano
663 3633 872 3705 defecerunt,
899 3635 953 3698 alii
972 3634 1134 3699 fluxerunt
1154 3641 1189 3700 in
1210 3651 1281 3700 cont

349 3715 445 3778 rium.
487 3715 621 3779 Aediles
635 3715 744 3800 ¹plebis
765 3717 850 3778 lodis
867 3716 1008 3790 Cereris,
1032 3739 1113 3802 quos
1133 3717 1291 3814 equestrib

351 3795 512 3860 celebrari
528 3797 677 3860 cursibus
694 3799 874 3882 oportebat,
896 3797 1093 3888 gladiatores
1107 3801 1250 3864 exhabue

276 4021 284 4030 -
386 3983 425 4038 Ca
449 4021 466 4064 ⁶.
474 3983 512 4038 11.
537 3981 594 4036 tut.
609 3983 688 4038 Obae
710 3983 819 4066 „etue
837 3982 908 4066 Dio.
926 3982 1053 4106 Appian-
1070 4001 1102 4056 p.
1117 3985 1181 4042 668.
1200 3987 1295 4042 iulo

350 4067 412 4124 seq.
459 4069 499 4105 ro.
517 4051 600 4105 Flnr.
611 4054 637 4118 4,
652 4069 680 4115 7.
729 4071 769 4108 ro.
786 4051 914 4126 ‚Appiam
932 4053 968 4106 Ju
983 4089 990 4106 .
1005 4053 1115 4126 Obseq.
1136 4053 1207 4109 nto.
1220 4057 1277 4111 etl'

351 4119 612 4264 glintfflazblslelq
628 4120 697 4177 Die.
721 4119 779 4179 tut
799 4121 909 4198 Obth·
934 4119 1011 4181 Plin.
1026 4139 1057 4194 a,
1074 4121 1119 4182 er.
1146 4123 1206 4184 Jul.
1223 4127 1294 4184 obse
