2588 4688
336 319 396 384 ass
430 287 1279 381 rnnrusu.sueruunmuronm's-nnmxmn

166 543 202 596 u,
219 559 246 595 a.
260 540 322 610 7⁰⁸·
336 524 488 608 parvulus
505 519 640 583 Antonii
660 517 747 582 iilius
768 541 839 583 cum
858 527 902 584 tt.
919 523 1037 607 Lepidi
1057 523 1182 586 liberis.
1220 523 1279 609 Lepl

166 613 203 667 Δ.
218 612 252 667 G.
268 614 313 679 44.
336 607 379 666 do
402 604 519 666 ulcisci
543 605 713 665 Caesarem
739 607 861 666 animus
888 604 1004 666 fuerat.
1040 605 1098 668 sed
1117 595 1279 667 destitutusl

334 688 510 760 militibus,
550 686 649 747 otium
677 699 710 746 et
737 683 944 748 concordiam
972 685 1210 769 spectantibus,
1239 667 1279 754 nili

335 769 488 831 audebat:
518 781 550 828 et
573 765 727 828 suadebat
744 767 920 840 Antonius,
944 767 1174 851 praesentibus
1191 759 1279 852 adquil

337 863 462 920 sceret,
493 851 564 932 ipse
585 847 716 910 minime
737 847 873 932 cupidus
893 850 1002 932 pacis3
1035 849 1095 911 sed
1119 867 1163 930 ne
1181 849 1279 934 Lepidi

336 944 493 1007 armatus,
517 950 553 992 se
572 927 722 1004 inlirmo,
746 951 828 992 nnus
847 929 953 993 omnia
973 930 1087 1016 pollet.
1278 929 1279 966 l

126 1064 128 1070 ’
158 1095 323 1151 pompm„
397 1064 433 1124 C.
464 1063 747 1126 Descendentibus
777 1083 795 1124 e
821 1061 981 1144 Capitolio
1012 1060 1200 1145 adplausum
1226 1074 1269 1144 atq

150 1163 323 1236 ,ipsasmet
337 1143 545 1208 adclamatum
563 1141 625 1208 eil:
656 1159 706 1216 et,
730 1145 917 1208 consulibua
935 1144 1048 1208 nescio
1070 1141 1151 1226 quid
1168 1143 1272 1224 incipis

129 1233 265 1290 ‘Ausonis
280 1242 306 1285 ιι
336 1227 423 1290 tibus
445 1225 576 1300 dicere,
605 1225 812 1310 postulatum,
839 1230 880 1286 aii
899 1233 977 1306 prius
997 1226 1111 1286 dextras
1135 1223 1231 1283 darem
1246 1228 1279 1292 n,

149 1301 261 1373 Lepido·
337 1329 391 1370 cem
411 1327 491 1387 arque
513 1308 762 1369 reconciliarentur.
798 1306 876 1368 lnde
894 1321 998 1368 metus
1015 1305 1145 1368 incellit
1163 1306 1277 1367 consule

337 1410 379 1451 ne
399 1388 506 1472 paullo
525 1387 593 1473 poil
612 1389 832 1472 perculiurum
847 1388 946 1450 factio
959 1387 1117 1469 majores,
1143 1407 1232 1469 qnam
1243 1387 1269 1468 ip

337 1472 427 1536 vires
457 1471 631 1534 obtineret.
683 1472 867 1533 Salutaruut
895 1485 1000 1532 tamen
1026 1489 1141 1532 omnes
1168 1468 1261 1528 invice

218 1557 227 1568 '
341 1553 500 1636 complexi
527 1574 566 1615 ue
587 1566 661 1615 sunt
680 1553 833 1614 comiter:
865 1565 897 1614 et
917 1553 955 1614 ab
975 1549 1118 1613 Antonio
1142 1551 1268 1620 Cellius,

339 1636 466 1717 Lepido
488 1574 593 1696 adfine
613 1637 734 1695 Brutus
753 1634 793 1695 ad
809 1653 941 1696 coenam
959 1633 1097 1696 inritati.
1130 1645 1251 1694 ceteros

340 1717 422 1801 iem,
454 1729 489 1778 ut
508 1717 625 1802 cuique
646 1714 846 1777 lumiliaritas
864 1728 918 1776 aut
934 1711 1136 1777 neceilitudo
1157 1726 1238 1783 erat,
1261 1734 1279 1796 ιΞ

319 1811 508 1862 ιιιιιιῑοιιι
535 1810 744 1880 exceperunt.
796 1799 844 1859 lbi
871 1797 1029 1870 Gallium,
1062 1795 1152 1858 iuter
1179 1795 1277 1856 courir

339 1882 419 1942 lium
441 1899 627 1946 sermonum
652 1879 889 1962 simplicitatem
914 1879 1151 1962 interrogatum
1172 1877 1209 1937 ab
1224 1877 1273 1938 Ant

338 1964 406 2036 nio,
430 1982 493 2021 ιιιιιιι
514 1963 600 2024 adlmc
620 1965 760 2044 pugionem
779 1962 888 2022 baberet
901 1959 1036 2043 subulo?
1057 1957 1277 2042 respondillcl

339 2058 433 2117 runt,
456 2045 496 2104 Ει
516 2037 692 2120 acurifflmum
713 2041 836 2122 quidem,
851 2039 882 2123 Ji
898 2061 926 2103 et
947 2061 979 2102 ιιι
995 2041 1120 2124 adfectas
1144 2040 1263 2116 tyrannm

338 2125 519 2198 Postridie,
556 2124 772 2207 simul-atque
798 2125 921 2197 illuxit,
954 2137 1083 2186 senatus
1109 2121 1156 2184 eil
1182 2121 1275 2184 babitu

340 2211 596 2303 praesentesque
608 2209 729 2266 Brutus
746 2207 907 2268 etCassius
922 2207 1024 2268 ceteri
1049 2223 1090 2265 ue
1106 2204 1221 2266 laudati
1237 2223 1266 2263 su

261 2351 274 2370 ,
340 2290 448 2372 sisque
468 2287 657 2372 provinciae
678 2285 847 2360 decretae,
876 2309 954 2372 quas
975 2288 1024 2348 eis
1066 2305 1160 2348 aesar
1179 2306 1216 2348 ex
1231 2305 1274 2368 pra

340 2384 412 2432 tura
435 2369 664 2441 destinaverat,
695 2369 883 2432 Macedonia
910 2385 942 2432 et
968 2369 1069 2450 Syria.
1108 2369 1170 2432 sed
1196 2367 1264 2429 eti

230 2517 236 2526 ,
341 2452 526 2524 Trebonio,
556 2449 707 2532 Bithynia
725 2451 857 2513 Cimbro
878 2451 1019 2514 decreta.
1068 2451 1206 2512 Galliam
1224 2448 1267 2509 Cis

336 2535 450 2618 'pinam
466 2537 507 2596 D.
523 2536 643 2594 Brutus
663 2552 702 2593 ex
722 2530 931 2596 destinatione
947 2532 1095 2596 Caesaris
1113 2531 1251 2596 retinnit.

68 2657 71 2663 ’
175 2671 322 2744 Sepultura
405 2621 454 2722 dl.
485 2659 650 2720 Hactenus
676 2657 883 2720 omniasatis
901 2647 1082 2742 ¹composita
1098 2671 1196 2742 utque
1213 2673 1272 2716 sere

158 2742 330 2795 cesariens-
343 2739 572 2824 adparuerunt.
609 2737 667 2802 sed
687 2739 859 2808 celeriter,
881 2739 965 2802 uude
989 2759 1053 2802 non
1071 2739 1262 2822 exspectabat

159 2821 321 2890 ‘'W'‘W:
343 2837 428 2884 mota
452 2820 620 2904 tempestas
648 2821 743 2882 novis
770 2819 953 2882 turbinibus
979 2835 1075 2904 atque
1098 2816 1273 2904 procellisi

153 2881 249 2999 {upum
263 2891 330 2929 ‘³⁸¹'
343 2903 483 2967 horruit.
524 2905 576 2964 Dc
605 2899 790 2964 testamento
818 2902 961 2985 itemque
990 2905 1157 2986 sepultura
1183 2903 1266 2962 Caesa

169 2961 211 2998 ⁰⁹
252 3041 255 3046 Α
344 2985 507 3068 agebatur.
551 2984 671 3046 Cellius
687 2983 818 3067 utrique
832 2985 1031 3066 repugnabat
1045 2981 1253 3046 vehementilll

235 3108 239 3114 .
345 3080 452 3139 ratus,
483 3065 571 3151 quod
589 3085 643 3128 res
663 3078 749 3137 erat,
778 3067 896 3148 perill'e
914 3067 1065 3138 caulium,
1093 3064 1245 3148 siquidem
1259 3061 1275 3118 il

342 3146 460 3216 sunere
473 3144 590 3212 ¹'elatus
613 3147 712 3224 ellet3
743 3160 776 3209 et
799 3151 837 3208 1..
854 3147 985 3209 Pisonis
1010 3161 1106 3231 atque
1127 3151 1166 3208 1..
1183 3147 1275 3207 Caesa

344 3233 536 3296 sententiam
559 3227 725 3306 laudabet;
755 3230 811 3313 qui
831 3249 953 3312 nuper,
986 3249 1083 3312 quum
1102 3229 1212 3290 cedern
1229 3224 1261 3284 de

344 3327 575 3396 quaereretur,
606 3331 795 3396 quamquam
821 3313 903 3372 alter
928 3330 1023 3374 socer
1049 3309 1212 3380 defuncti,
1239 3305 1272 3364 alt

344 3395 476 3476 gentilis
495 3397 591 3470 effer,
618 3395 715 3455 funus
738 3391 812 3454 lieri
832 3394 1020 3455 vetuillent:
1043 3391 1201 3494 putamen
1220 3409 1249 3450 ea

345 3477 434 3536 sonis
456 3477 613 3539 sententia
632 3475 705 3537 fuit.
749 3477 899 3538 Ceterum
919 3477 1058 3547 Brutus,
1088 3473 1217 3558 ingenio
1235 3467 1277 3528 uit

345 3573 378 3621 et
395 3557 595 3630 moderatus,
622 3572 793 3640 utrumque
813 3556 973 3638 permisit.

171 3675 328 3748 Esuriens·
405 3667 469 3730 Cll.
499 3661 733 3727 'l'eilamentum
757 3661 858 3748 igitur
877 3661 1032 3736 adlatum,
1063 3657 1149 3746 quod
1169 3655 1275 3744 prosim

154 3759 282 3803 armum·
343 3745 452 3812 ldibus
471 3745 717 3832 Septembribus
733 3746 766 3807 iu
782 3744 943 3808 Labicano
962 3764 1020 3806 suo
1037 3742 1177 3816 fecerats
1188 3739 1271 3882 ἒόἰῐὲῧ

347 3955 682 3976 W
1278 3915 1279 3996 i

375 4023 449 4094 Gap.
460 4019 562 4076 nent.
582 4017 644 4072 Cic.
660 4013 735 4072 Phil.
749 4033 774 4082 r,
787 4013 827 4072 td.
845 4020 874 4067 et
888 4033 913 4082 u,
924 4013 968 4070 36.
987 4011 1064 4068 vett
1076 4030 1101 4078 e,
1112 4009 1153 4066 58.
1173 4007 1238 4089 Plut
1255 4003 1270 4056 l

340 4097 403 4148 lon.
413 4091 555 4169 etBruto5
569 4086 634 4142 Dio.
649 4155 655 4168 α
669 4087 742 4178 Cep.
755 4087 787 4139 C.
806 4081 932 4206 Appiae.
952 4081 1034 4137 Plus.
1044 4083 1148 4162 Bruto.
1161 4079 1223 4130 Dio.
1239 4071 1263 4126 Pl

342 4159 446 4214 Bruto.
477 4161 600 4228 Appian.
624 4156 709 4210 Crvrl.
729 4153 749 4206 l.
764 4156 791 4208 3.
810 4153 887 4206 Put.
924 4151 995 4222 Cap.
1008 4153 1057 4206 Clo
1075 4151 1136 4219 Cpr.
1154 4144 1188 4199 ad
1200 4145 1249 4196 itt.
1266 4159 1272 4190 ι

346 4243 388 4284 so.
407 4237 436 4288 et
453 4234 494 4298 ιι.
512 4227 643 4284 uastant.
660 4243 684 4295 s,
702 4224 743 4284 15.
762 4221 839 4280 Plut.
876 4221 948 4297 Cap.
966 4221 1028 4284 etl.
1048 4219 1167 4278 Sueten.
1184 4215 1254 4272 Caes.
1278 4273 1279 4298 ι
