2610 4696
244 303 245 310 ‘
327 315 390 384 uu,
407 293 1277 377 unuiususurrnnuuurononnmnxxurn

153 514 197 600 ,Ua
231 530 316 590 ⁰7¹⁰·
330 525 365 575 ut
384 513 496 576 saltem
518 529 713 578 commeatus
734 528 766 578 et
785 517 1009 601 supplementa
1025 511 1161 576 hollium
1177 511 1291 580 laterai-l

160 586 196 640 l·
212 587 247 642 ὓ·
261 591 306 653 4²·
328 607 435 740 peret.
477 597 566 659 Haec
584 599 691 682 agenti
709 598 799 661 millu
816 600 911 662 Callii
929 601 987 661 Cn.
1005 597 1166 666 Domitius
1182 595 1281 656 Aheno

352 679 465 753 arbas,
496 695 567 740 curn
586 681 816 763 quinquaginta
835 680 970 743 navibus
989 697 1116 762 unaque
1133 678 1245 760 legione
1259 694 1281 738 et

328 761 522 842 sagittariis,
553 763 760 844 supervenit:
791 781 990 847 magnopere
1010 765 1098 824 enim
1116 761 1230 824 relat-re
1246 782 1282 819 ar-

327 839 548 916 bitrabantur,
578 841 686 905 ltaliae
708 857 904 907 commeatus
925 842 1120 914 intercludi,
1149 841 1225 924 quod
1241 841 1284 901 ho·

327 912 426 1066 iblibua
450 923 580 987 aliunde
605 937 724 988 arctam
748 925 1034 990 frumentationem
1060 925 1133 986 lore
1158 920 1285 986 existina-

352 1016 415 1066 ant.

179 1129 295 1202 &ullast
390 1111 460 1178 tu.
481 1113 567 1174 Dum
583 1107 646 1174 hoc
666 1106 762 1176 nouo
780 1112 868 1176 circa
884 1109 1125 1198 prohibendum
1141 1111 1286 1196 expediar·

104 1241 106 1244 .
143 1216 222 1258 erasa
236 1204 299 1259 Pet·
330 1191 469 1278 dumque
486 1193 652 1274 trajectum
667 1195 706 1256 ab
721 1195 772 1258 hia
785 1195 981 1272 desudatum
996 1195 1165 1258 Norbanus
1179 1197 1284 1263 atsere,

143 1275 236 1342 lippos
256 1289 301 1342 r·-
330 1291 402 1336 curn
420 1276 486 1338 suia
502 1275 687 1358 legionibus
703 1265 990 1341 omniMat'tetlonia
1008 1295 1124 1339 versus
1135 1276 1283 1346 Thracian,

121 1343 309 1409 'mmm’
331 1358 435 1442 spatio
462 1357 550 1418 mille
573 1359 826 1442 quingentorum
849 1359 1040 1432 stadiorum,
1074 1359 1113 1421 aul
1136 1360 1286 1441 Pangaeum

329 1456 433 1522 usque
448 1452 587 1501 montem
605 1455 757 1514 emenso,
780 1451 869 1504 trans
882 1441 1055 1524 Philippos
1071 1456 1241 1525 posuerunt
1252 1461 1289 1500 ca·

329 1518 390 1582 ilre
405 1521 437 1581 in
449 1521 657 1606 Turpilorum
673 1536 705 1583 et
720 1523 917 1606 Sapaccrum
932 1521 1095 1606 augustiis,
1143 1521 1201 1584 uod
1214 1543 1266 1582 unu

329 1602 440 1664 tritum
455 1599 499 1664 eil
514 1605 577 1664 iter
592 1602 625 1664 iu
637 1607 801 1687 Europam
813 1623 854 1667 ex
864 1606 942 1667 Asia
953 1546 1202 1668 transeuntibus.
1222 1605 1279 1684 Syn

330 1683 441 1746 bolum
454 1683 483 1744 is
496 1685 588 1746 locus
602 1683 787 1760 vocabatur,
810 1685 896 1770 quoti
913 1683 960 1750 ibi
976 1700 1101 1749 montes
1119 1689 1182 1749 duc
1196 1685 1283 1768 magni

331 1780 421 1828 arcto
448 1765 610 1850 utrimque
637 1767 755 1830 relicto
782 1767 937 1840 transitu,
971 1771 1220 1831 committuntur.
1256 1771 1281 1828 ln

330 1849 434 1910 terius
453 1845 487 1908 in
503 1865 615 1931 campo
633 1849 802 1911 montibus
817 1849 1014 1912 circumdato
1028 1849 1173 1935 Philippi
1192 1847 1277 1928 jacent

331 1929 372 1990 ed
390 1949 477 1992 mare
495 1931 665 2013 Neapolis,
688 1929 826 2003 obversa
840 1930 948 1993 Thaso
968 1931 1111 2000 insulae,
1134 1953 1282 2013 nuncque

332 2031 395 2094 que
414 2031 530 2073 nomen
548 2012 613 2074 anti
638 2030 712 2072 uum
729 2013 902 2087 retinenti,
956 2029 1015 2074 ttae
1038 2033 1208 2098 perperam
1230 2035 1280 2094 apo

330 2092 551 2155 Ptolemaeum
566 2033 699 2172 Thabffla
718 2095 883 2156 scribitur.
959 2097 988 2156 ic
1005 2097 1130 2178 primus
1147 2097 1269 2181 opposit

219 2181 221 2188 ’
332 2173 376 2238 ell
393 2175 477 2236 obex
492 2174 595 2237 Gallio
614 2188 647 2235 et
659 2178 781 2254 Bruto,
805 2165 927 2248 Sellunt
942 2175 1097 2258 Abydeno
1113 2177 1200 2260 freto
1214 2181 1284 2258 (bar

250 2265 253 2272 ⁴
331 2257 453 2316 duttrllos
469 2253 567 2319 hodie
584 2257 715 2338 vocant)
731 2257 926 2340 transjectis.
1028 2291 1030 2296 ·

171 2367 322 2426 tierricus
394 2363 477 2426 Vlll.
501 2361 575 2445 Quo
596 2375 658 2424 torn
685 2381 743 2426 ore
760 2376 939 2428 memorant
957 2359 1117 2427 horribile
1137 2357 1271 2426 risumo

134 2441 233 2495 '‘lm''
249 2443 319 2509 ⁰017·
333 2439 451 2524 jeclum
466 2447 568 2506 Bruto
587 2443 635 2506 fui
663 2464 691 2506 e.
733 2445 834 2508 Ferte
853 2446 904 2508 vir
922 2448 1026 2510 somni
1044 2448 1289 2532 parcissitnus,e

148 2509 319 2565 ‘'WBW·
357 2525 518 2598 raesentia
534 2523 670 2590 volvens
683 2525 806 2600 animo,
830 2529 958 2590 multam
976 2529 1009 2590 in
1027 2544 1155 2592 noctem
1171 2528 1288 2588 lucuhra

332 2547 405 2685 [αις
437 2627 533 2695 quum
557 2605 647 2668 fores
668 2624 840 2693 crepuere.
882 2611 1039 2695 Respexit
1060 2612 1135 2682 ille,
1164 2629 1234 2669 nam
1252 2630 1283 2668 au

331 2692 460 2754 tertiam
482 2687 623 2772 uigiliam
641 2712 660 2752 a
677 2689 922 2754 centurionibus
939 2708 973 2755 et
988 2691 1129 2756 tribunis
1142 2692 1226 2754 adiri
1240 2709 1289 2752 coo

333 2786 502 2836 sueverat:
524 2789 622 2854 quum
634 2769 788 2834 adsistere
804 2773 868 2835 sihi
884 2788 1047 2858 spectrum
1059 2775 1185 2857 ingenti
1199 2787 1231 2835 et
1241 2771 1276 2832 ho

332 2851 424 2934 ribili
444 2852 555 2940 speeie
575 2851 668 2916 vidit.
706 2851 916 2940 sustinuitque
933 2873 1070 2940 rogare,
1092 2878 1154 2938 qun
1170 2857 1246 2936 effer,
1266 2877 1278 2910 a

332 2957 386 3017 quo
411 2937 498 3016 cauffo
523 2933 656 3014 vrrtiffir?
680 2937 893 3020 Responsum
916 2933 975 3012 est,
1008 2940 1108 2998 vetulum
1131 2939 1191 3018 ejrts
1211 2939 1283 3018 genia

332 3015 400 3098 (lle.
430 3013 577 3080 ridendum
599 3021 701 3078 iterum
723 3019 867 3099 Pcilrppis.
903 3021 955 3082 cui
980 3019 1037 3082 ille
1059 3017 1287 3103 imperterritus

339 3097 458 3176 Videbo',
482 3093 597 3197 inquit.
640 3097 683 3161 At
700 3097 840 3174 Cellius,
864 3097 1044 3184 Epicureae
1068 3102 1276 3164 sententiares

334 3193 456 3257 ctator,
486 3203 538 3244 cut
559 3175 663 3263 prima
682 3181 755 3243 luce
777 3181 945 3264 proiectus
963 3183 1003 3244 ad
1022 3203 1093 3245 eum
1108 3185 1230 3244 Brutus
1251 3201 1280 3241 re

334 3275 547 3348 exposuerat,
572 3262 666 3326 curis
694 3277 789 3348 atque
811 3259 1062 3360 cogitationibus
1083 3261 1118 3324 in
1139 3263 1267 3326 totumi

334 3347 476 3429 putarit,
508 3343 626 3430 quibus
651 3346 787 3430 agitatus
811 3367 935 3408 animus
959 3345 1118 3428 ejusmodi
1141 3347 1206 3408 sibi
1229 3347 1277 3407 mir

311 3428 406 3498 ,cula
433 3430 506 3523 ipse
532 3419 718 3490 vehementi
734 3427 804 3489 ,ima
829 3427 971 3490 inatione
996 3423 1162 3512 figuraret.
1204 3431 1280 3512 lgitu

335 3505 394 3570 hoc
412 3509 532 3592 alperto
552 3524 585 3572 et
602 3509 744 3594 seposita
764 3445 1002 3582 sufiicitudine,
1026 3509 1067 3572 de
1082 3511 1211 3572 ratione
1228 3511 1280 3572 itin

335 3592 403 3664 ris,
427 3591 515 3678 quoti
533 3611 612 3677 prae
633 3605 833 3666 monuerat,
856 3591 971 3674 agitari
988 3603 1148 3676 coeptum.

130 3741 133 3746 ,
163 3653 165 3663 Ι
181 3709 284 3771 Ruunt
297 3719 324 3770 ,t
395 3701 451 3760 tx.
473 3701 547 3760 Duo
562 3693 612 3760 his
629 3696 831 3784 temporibus
843 3697 1003 3764 Thracum
1016 3703 1215 3785 Sapaeos-uus
1231 3720 1279 3762 era

149 3779 322 3860 Μακραὶ·
336 3776 461 3863 reguli,
489 3779 637 3844 Rhoecus
663 3794 695 3843 et
717 3779 932 3866 Rhascupolis
958 3783 1092 3846 fratres:
1123 3783 1181 3879 qui
1206 3783 1273 3846 calli

62 3949 66 3973 s
147 3855 321 3980 anm
336 3861 494 3938 oonsilio,
523 3875 560 3932 ,ut
583 3863 664 3926 ulter
685 3881 727 3925 ax
747 3879 866 3952 euentu
890 3853 1138 3928 salutem'ulterr
1158 3885 1177 3925 a
1198 3868 1291 3960 victo}

338 3989 672 4005 m*

261 4133 262 4136 Ἴ
370 4051 444 4138 Cap.
461 4047 529 4108 Vll.
547 4047 615 4119 Dic,
632 4051 708 4174 hqq.
727 4060 757 4108 et
772 4046 900 4126 Appiam
917 4051 993 4108 etot.
1011 4054 1116 4108 Bruto.
1134 4053 1206 4135 Dio.
1227 4053 1289 4108 One

150 4147 157 4190 p
337 4119 476 4178 Thesaur.
495 4121 605 4194 Geogr.
627 4123 682 4176 Pto
695 4124 793 4189 em.3,
813 4142 853 4178 ιι.
890 4124 931 4179 ca
981 4123 1062 4177 vln.
1087 4123 1218 4194 Appiae.
1241 4121 1284 4174 Plu

335 4183 440 4250 Bruto.
457 4197 486 4250 al
498 4191 582 4251 Caes.
600 4189 719 4264 Flami,
731 4201 759 4264 7.
776 4191 905 4266 Appiam
947 4161 1000 4250 lut.
1036 4192 1175 4265 Gepdx.
1192 4191 1291 4268 Appitn
