2610 4696
318 331 379 414 sna
400 313 1274 427 nantuensnrrnunnnronnnnmirum

133 549 186 607 -ΰ,
199 557 297 620 cipen-
320 543 465 611 donariis
485 542 590 602 Derim
613 537 798 598 abstinenst
831 534 1066 620 orantibusque
1086 535 1227 608 Rhodiis,
1246 559 1275 602 nc

145 623 185 708 ¹3·
201 619 294 696 ⁶24³·
319 627 445 692 cunctis
465 625 629 684 numinum
645 619 828 681 simulacris
842 617 1072 702 spoliarentur,
1094 617 1175 680 Solen
1187 639 1202 677 a
1210 619 1234 701 se
1246 643 1277 680 n.

213 777 216 784 ,
318 713 406 792 linqui
425 703 614 792 respondite
635 703 790 764 intactum
810 700 897 762 enirn
916 699 1015 768 nihil.
1039 715 1278 782 praetercurrnm

322 793 392 874 ejus
408 790 490 861 Ilei,
522 787 653 852 siverat.
698 783 763 858 Sed
789 801 916 846 canor
942 783 1088 844 ominosa
1112 784 1210 866 paullo
1230 782 1281 866 post

322 874 366 940 eil
384 874 510 944 habita,
539 883 699 952 tamquam
718 865 874 929 celeriter
894 865 968 928 luce
989 866 1162 929 cariturum
1179 887 1282 952 praest·

77 1031 81 1044 ,
323 955 457 1044 gientis.
893 981 898 986 ·

152 1089 313 1148 ΗΜΛ,
341 1089 347 1098 ·
386 1063 472 1124 xxi.
501 1057 568 1123 Sed
588 1071 622 1120 et
642 1054 784 1133 edictum
804 1056 996 1142 proposuit,
1026 1061 1093 1130 uti,
1116 1055 1182 1138 qnod
1199 1057 1284 1137 quispe

95 1197 103 1211 ,
136 1159 296 1234 proferendo
324 1149 457 1232 priuatim
475 1149 538 1202 auri
555 1143 696 1220 argentine
712 1133 873 1219 pofflderet,
905 1143 982 1199 intra
1000 1139 1103 1200 dictam
1120 1137 1285 1216 diemprcl‘n·

137 1245 312 1299 aeroargm·
326 1248 387 1300 ret,
418 1238 523 1288 morte
543 1221 724 1284 celantibus
742 1221 950 1293 denunciata,
983 1221 1144 1284 indicibus
1163 1219 1285 1302 promitio

137 1313 226 1370 “ttu-
324 1309 488 1398 praemio:
516 1305 622 1368 servis
639 1303 834 1375 libertatern,
858 1303 973 1364 liberis
989 1304 1131 1366 decimas
1146 1300 1286 1363 condime-

325 1407 386 1455 rat.
429 1390 648 1460 Multi'tamen
667 1386 867 1448 occultandis
890 1385 988 1447 rebus
1007 1388 1076 1448 suis
1093 1381 1286 1469 perstiterunt,

325 1476 419 1560 plura
437 1471 552 1532 minari
568 1468 722 1536 Gallium,
745 1487 838 1552 quam
857 1466 1004 1531 facturus
1023 1469 1119 1538 ollet,
1142 1462 1289 1528 exilliman·

256 1617 270 1626 ,
325 1571 387 1620 tes.
437 1555 607 1624 Ceterum,
635 1549 694 1611 ubi
721 1571 762 1611 ex
787 1549 896 1612 edicto
923 1565 1044 1633 poenas
1071 1547 1289 1628 mercedemque

329 1635 463 1708 decerni
481 1627 657 1702 iiderunt,
681 1633 855 1716 prorogari
873 1631 958 1692 diem
976 1630 1187 1716 pullulantes,
1210 1643 1237 1688 ct
1251 1651 1292 1710 pn·

328 1723 391 1784 teis
415 1733 447 1782 et
467 1717 594 1787 foveis,
626 1714 684 1775 ubi
708 1733 817 1774 rerum
841 1713 1068 1796 pretiosillima
1090 1709 1291 1782 condiderant,

327 1817 445 1867 tantam
471 1819 566 1884 opum
591 1796 658 1864 vim
685 1795 888 1867 adtulerunt,
919 1809 953 1857 ut
972 1809 1046 1859 neto
1065 1794 1165 1858 millia
1184 1781 1295 1864 talento-i

329 1887 400 1954 rum
420 1881 496 1944 inde
517 1879 665 1942 conlecta
684 1875 882 1940 referantur.
924 1881 1038 1963 Neque
1061 1877 1113 1938 bis
1134 1889 1295 1936 contentus*

354 1969 505 2050 cingente
529 1964 666 2045 insuper
686 1961 805 2023 talenta
828 1961 1000 2058 imperavit
1025 1958 1169 2030 civitati,
1197 1953 1286 2042 pransi

330 1988 453 2133 dinque
474 2045 628 2128 imposito
645 2045 683 2104 L.
698 2043 820 2108 Varum
837 2042 885 2104 ibt
903 2043 1047 2127 reliquit.

159 2189 317 2254 CassiusA.
391 2171 492 2233 xxtt.
515 2168 577 2227 His
595 2167 693 2228 rebus
711 2167 819 2230 alacer
832 2167 953 2230 Cellius
969 2167 1096 2248 (ausum
1114 2166 1199 2228 enim
1213 2164 1288 2225 imma

142 2259 300 2340 :iacintu-
331 2253 383 2316 nis
401 2251 514 2345 operis
531 2249 705 2312 celerrime
725 2248 931 2326 confecerat)
953 2249 1049 2312 Asiae
1070 2271 1135 2334 quo
1162 2269 1202 2310 ue
1219 2245 1287 2306 tribu

141 2327 317 2382 ‘'mmm''-
331 2353 399 2400 tum
417 2337 534 2418 ingens
554 2332 744 2416 imperavit,
769 2331 941 2415 decuplum
961 2331 1051 2410 ejus,
1075 2271 1165 2416 quod
1182 2326 1294 2414 pendent

332 2416 505 2504 quotannis
526 2413 757 2476 consuevillet:
782 2413 881 2498 idque
903 2411 1001 2478 statim
1022 2416 1143 2496 exegit.
1188 2409 1294 2486 Dumit

330 2501 392 2564 his·
410 2511 585 2582 nectipatus
606 2495 667 2566 eli,
701 2495 805 2558 valida
829 2496 934 2559 cladis
953 2495 993 2557 eb
1009 2499 1157 2581 Aegypto
1176 2493 1294 2573 navigan

331 2583 371 2645 ad
389 2579 494 2644 helles
515 2580 695 2650 nunciatur,
718 2578 866 2640 mittente
886 2579 1072 2662 Cleopatra:
1095 2599 1190 2661 quam
1206 2573 1294 2638 strui

331 2665 409 2729 citit
434 2663 561 2724 illarum
586 2659 745 2744 partium,
780 2674 810 2722 et
838 2681 954 2726 recens
978 2683 995 2720 a
1015 2661 1119 2723 Cullio
1140 2674 1259 2723 metus,

358 2747 443 2808 otius
469 2744 503 2806 ei
529 2741 695 2825 negotium
719 2742 797 2803 alibi
824 2742 1013 2814 incederet,
1046 2743 1179 2804 aeribus
1198 2739 1257 2801 stim
1284 2734 1289 2748 '

332 2829 518 2912 impulerat.
561 2827 673 2906 ltaque
688 2827 834 2886 Murcum
852 2845 925 2886 cum
943 2826 1110 2908 sexaginta
1128 2823 1265 2888 navibus,

230 2909 235 2915 ’
333 2909 504 2974 fortissima
522 2905 664 2976 teutone,
687 2918 784 2990 atque
801 2907 841 2966 ali
868 2927 909 2968 uo
926 2927 1061 2988 pumero
1077 2905 1273 2989 sagittarium

332 3009 509 3054 occurrere
530 3011 547 3048 a
585 2991 782 3060 'l'aenarum,
806 2929 1029 3070 Peloponnesi
1052 2985 1252 3071 promontori

332 3072 435 3153 jullit,
459 3084 493 3132 ut
511 3069 599 3130 illius
617 3069 714 3129 maris
735 3071 905 3132 transitum
925 3085 1108 3155 opportuna
1129 3069 1279 3130 stationae

333 3151 483 3217 iiodirct:
508 3152 540 3213 ei
558 3145 687 3235 quoqde
705 3153 895 3235 peninsulae
913 3172 978 3213 non
994 3153 1072 3213 satis
1088 3173 1222 3234 aequus,
1236 3167 1285 3230 qua

332 3233 578 3298 incursionibus
594 3247 627 3296 et
641 3232 788 3323 abducta,
810 3243 927 3318 quanta
943 3248 1082 3318 poterat,
1101 3232 1284 3318 praedaret

335 3329 440 3383 Vertit.

157 3446 322 3514 Amanum
397 3423 512 3484 Xlllll.
545 3421 648 3482 Multo
675 3422 796 3506 ubique
824 3421 932 3486 lenior
954 3425 1095 3494 Brutus,
1130 3421 1193 3484 sub
1222 3417 1293 3480 cadet

150 3529 243 3598 Lyciis
259 3543 313 3598 μ,
335 3521 483 3590 tempora
499 3505 616 3586 Lycios
633 3505 788 3566 conferre
804 3505 973 3588 pecuniam
991 3517 1023 3564 et
1039 3503 1118 3565 dare
1134 3504 1251 3564 milites
1263 3499 1293 3578 jn

148 3610 226 3672 gear.
336 3601 435 3652 serat.
469 3587 535 3648 Sed
551 3585 611 3656 illi,
634 3589 794 3648 Naucrate
810 3585 949 3670 quodam
963 3587 1153 3668 impellente
1169 3583 1293 3666 populun

335 3667 528 3749 obiecerunt
544 3687 640 3739 arma,
665 3669 871 3751 tumulosque
890 3669 1064 3730 nonnullos
1084 3667 1218 3730 arcendi
1231 3679 1293 3726 tran

337 3752 403 3813 itus
422 3751 523 3811 cunila
543 3749 746 3812 insederunt.
798 3754 833 3811 ln
854 3750 932 3820 hos,
962 3749 1036 3811 dum
1057 3751 1166 3812 cibum
1187 3747 1293 3830 capiunt

338 3831 462 3916 ifflpfiiu
478 3831 584 3900 s80t⁰i
616 3835 737 3893 Brutus
761 3853 823 3916 per
849 3833 979 3916 equites
1005 3852 1082 3896 suos
1109 3829 1293 3893 interiecita

270 3991 287 4006 ὑ
339 3928 533 3990 sexcentos3
564 3915 726 4001 simulque
753 3933 825 3978 cum
852 3913 1055 4004 fugientibus
1080 3913 1202 4002 irrupit
1218 3907 1293 3974 'caltn

339 4105 525 4230 Mcap'gm
546 4100 622 4222 ,gio
646 4103 755 4224 Eluseb.
773 4103 884 4188 Churnn.
910 4103 977 4159 Vul.
994 4103 1072 4186 ilar.
1092 4123 1116 4171 r,
1134 4103 1161 4160 5.
1182 4101 1244 4157 Dio.
1260 4093 1293 4150 l't'

288 4273 298 4294 ,
341 4191 419 4308 vs
435 4261 462 4316 „
479 4189 527 4316 n.-
1241 4153 1293 4278 ”l
