2598 4692
179 353 223 416 1u
242 351 394 416 noento
412 353 497 418 nto.
514 357 655 424 cxvnt.
678 355 795 424 ntvn.
934 377 996 444 eo,

473 644 606 728 st'llill·
646 649 738 712 Haeo
757 650 875 735 legetis
898 671 991 716 sont·
1018 584 1167 706 *¹302ae

37 561 105 634 silus,
128 560 284 656 attondent
299 561 578 704 exfisluaturpiaeulo
586 563 713 644 senatus,
744 587 796 656 quo
814 585 864 648 per
881 569 992 630 Cicero·
1021 565 1057 622 U·

35 643 192 738 sempeterna.
207 645 385 722 apstulausem
401 645 463 727 seo

34 737 70 786 ns
83 739 226 804 injuncta.

74 833 147 894 ΧΠ.
170 830 364 896 Modessiorn
383 833 609 916 perveniunt,
630 839 767 902 tectiore
786 855 888 916 certe,
909 861 991 904 nun·
1021 845 1088 900 Atto
1100 849 1171 916 ejus.

34 915 117 978 aierit:
150 917 343 988 Provinciam,
371 915 424 980 his
437 917 529 978 'enim
549 919 660 984 verbis
679 943 756 984 usus
772 919 834 994 est,
864 927 991 985 remitto:
1003 913 1070 969 ‘ll'-

34 1003 150 1057 saeuitum
165 999 285 1077 depono:
313 1001 441 1078 priuatus
457 997 507 1078 effe
522 1010 576 1060 iton
589 1001 697 1084 recuso:
724 1011 813 1062 omitia
830 1003 991 1086 oblioifior:

33 1083 169 1160 ingratiam
187 1079 285 1152 redeo,
307 1075 500 1160 filegionibus
517 1085 581 1141 meis
592 1081 663 1164 sex,
685 1081 715 1163 st
727 1085 879 1166 equitibus,
904 1083 934 1166 st
945 1107 992 1148 to·
1070 1103 1072 1111 ’

33 1161 84 1220 iuti
96 1165 248 1241 praetoriae
263 1161 393 1242 praedem
410 1179 557 1242 agrumque
574 1166 725 1226 dederitis:
755 1187 800 1242 et,
830 1167 927 1250 quilnts
945 1189 992 1252 ego

32 1263 89 1320 atque
102 1241 252 1302 Dolabella·
263 1241 388 1303 dedimus
406 1261 504 1324 agros,
527 1267 570 1306 eos
588 1267 680 1307 tenere
696 1253 850 1328 patiamini.
880 1246 993 1313 Pollu·

34 1324 87 1384 larit
101 1339 287 1405 praetereo,
319 1327 363 1386 uti
380 1322 619 1406 chirographorum
639 1347 722 1412 atque
739 1335 994 1394 commentariorum

35 1406 130 1486 Caesaris
146 1409 257 1480 olmeto
267 1407 348 1488 sistra
358 1404 411 1486 sua
428 1423 509 1485 atque
525 1407 639 1492 collegae
655 1413 764 1471 decreta
780 1431 937 1474 mouerent:
958 1435 993 1473 ue

34 1505 180 1568 ungeremur
196 1491 316 1548 retiorus
332 1489 369 1547 ad
383 1489 468 1566 Opis:
489 1509 522 1547 ue
531 1489 635 1570 fraudi
650 1493 711 1572 effer
719 1493 895 1576 septemviris
909 1515 926 1552 a
944 1513 991 1554 so·

33 1589 74 1627 ssu
86 1569 309 1642 dividendorum,
330 1568 404 1650 quod
418 1567 545 1650 egiffiut,
568 1577 713 1648 ceterisve,
734 1577 783 1656 qui
793 1573 882 1656 secum
896 1514 988 1656 efflue,

33 1669 51 1706 et
63 1649 177 1729 adoessses
194 1650 265 1734 leges
284 1647 431 1730 eommsjsffe
449 1651 624 1716 diceremur:
657 1677 689 1716 rte
707 1655 759 1736 fita
770 1657 926 1737 judiciario
944 1657 991 1717 lex

31 1729 194 1812 obtegeretur.
242 1733 282 1792 Ut
297 1753 350 1814 pro
367 1731 470 1814 Togata
489 1731 583 1794 Gallia
602 1739 741 1798 Comatam
756 1731 925 1819 priuitsciom
939 1739 989 1800 be-

32 1813 84 1871 leset
98 1833 153 1872 star
165 1813 216 1896 sest
231 1811 397 1898 legionibus,
420 1815 507 1894 iisque
517 1813 653 1898 suppletis
671 1841 705 1879 ess
720 1821 764 1882 D.
780 1820 868 1880 Bruti
882 1825 988 1880 exerti-

31 1913 65 1965 u,
81 1915 126 1954 mss
136 1893 224 1974 lislam
239 1915 275 1954 ets
290 1895 395 1956 delesses
406 1891 476 1988 suo:
499 1898 655 1981 tamdiuque
672 1921 704 1960 ut
718 1901 870 1974 obsisteres,
892 1921 988 1984 quam·

29 1977 63 2032 liu
74 1975 115 2036 M.
131 1977 257 2049 Brutus,
288 1976 323 2038 C.
342 1973 446 2056 captae
470 1977 588 2060 consedes
609 1996 694 2062 praue
719 1981 870 2066 torosulibus
887 1983 987 2066 futuri

27 2059 188 2136 inprouintiit
204 2057 297 2137 efferar.
837 2079 841 2092 '
947 2059 950 2072 ’

69 2163 159 2236 xyst.
186 2163 261 2226 Hoc
278 2161 431 2236 addebat,
455 2176 664 2262 depotentes
686 2165 777 2228 viros
797 2165 983 2230 demorare-
1012 2165 1147 2252 Ausonius

29 2257 77 2320 tur3
95 2245 183 2306 simol
199 2247 331 2308 Caesari
351 2246 603 2309 sollicitudinem
623 2247 829 2320 immitteret,
852 2269 893 2310 ne
912 2267 982 2310 cnm
995 2236 1072 2298 ''ff“
1084 2236 1158 2305 Μ’·

29 2323 63 2386 lsis
77 2327 279 2412 conjungeret
295 2329 384 2390 vires
398 2329 578 2402 Antonius,
608 2327 635 2389 si
659 2328 756 2390 nimis
780 2329 819 2389 ab
844 2349 884 2392 eo
931 2315 1085 2393 rcum·

28 2423 151 2468 metetur.
198 2413 269 2472 Non
298 2411 384 2472 enim
411 2425 480 2474 crat
506 2411 604 2472 ullum
631 2409 827 2473 concordiae
849 2409 892 2474 sso
918 2413 985 2474 inm

27 2491 158 2562 noiomo,
178 2511 240 2553 aec
260 2492 480 2574 aliodagebot
498 2491 551 2554 hii
567 2491 741 2564 mendatis,
764 2513 857 2576 quom
877 2507 911 2555 ut
927 2513 983 2555 oo·

26 2571 102 2632 larem
117 2587 287 2654 quaereret
298 2574 403 2636 bonae
418 2575 550 2648 nooffne,
574 2573 699 2642 senatui
719 2594 755 2634 so
771 2575 982 2656 permittens:

28 2654 69 2712 sed
81 2654 132 2715 hes
148 2655 351 2720 conditiones
369 2657 548 2738 adjecerat.
571 2677 649 2742 quas
667 2677 773 2742 neque
789 2671 982 2752 recepturus

27 2751 128 2798 senatos
145 2737 236 2810 elien,
259 2757 366 2821 noque
382 2741 500 2802 Caesar
517 2752 695 2822 poteretur.
737 2737 807 2832 Quo
826 2759 910 2802 enom
929 2759 982 2800 ra·

26 2819 93 2879 none
113 2817 163 2881 hia
185 2833 238 2882 ant
261 2820 493 2883 interfectores
511 2821 613 2916 patris
635 2818 686 2884 sni
706 2820 857 2884 consules
874 2819 980 2883 creari

28 2899 420 2976 sinese13autAntonianis
440 2903 544 2986 copiis
564 2901 653 2985 potia
674 2897 808 2964 decerni
827 2901 980 2986 praemio,

29 3001 96 3062 mam
114 2981 236 3045 doorete
254 2985 323 3046 ouis
341 2985 460 3062 effeot3
484 2997 580 3084 atque
597 3003 659 3066 por
673 2981 737 3046 hoo
748 2982 882 3046 Antonii
897 2981 982 3068 apud

27 3063 122 3126 milites
133 3065 350 3128 anctoritatem
366 3080 398 3128 ot
410 3078 587 3150 potentium
600 3063 773 3146 adaugeri?
795 3069 822 3128 N
826 3085 842 3126 e
890 3064 981 3128 odu-

26 3141 207 3218 stetisset,
238 3147 316 3231 qnia
342 3147 503 3232 extemplo
525 3145 621 3210 hollis
640 3144 801 3210 Antonios
821 3145 854 3226 ju
877 3148 983 3212 icaro·

27 3239 79 3300 tos3
97 3227 241 3292 militibus
259 3229 321 3292 alie
339 3229 506 3292 diceretur
523 3229 607 3300 dies,
631 3231 674 3290 usi
689 3225 840 3288 nimitum
854 3249 912 3290 cusu
921 3229 998 3290 alu-¹

27 3325 82 3364 tassio
93 3310 168 3388 psaffo
180 3315 284 3393 fraudi
303 3333 356 3372 nou
377 3309 439 3392 effes
456 3312 518 3384 lsis,
547 3313 594 3394 qui
612 3331 675 3370 ante
689 3309 757 3368 ldus
772 3309 899 3370 Marnas
920 3329 980 3370 eum

28 3387 180 3467 reliquifftrtt,
207 3413 236 3452 et
260 3413 310 3454 aut
335 3393 372 3452 ad
392 3389 528 3466 tortlules,
559 3411 607 3450 utet
627 3389 665 3448 od
686 3388 843 3470 Caesarem,
874 3388 980 3452 autad

27 3467 123 3528 Bistam
139 3473 259 3554 adilian.
303 3473 497 3537 Consulibus
514 3471 717 3560 permill'utn,
740 3490 773 3530 ut
789 3469 978 3552 rempublicam
1093 3537 1095 3548 ¹

27 3547 185 3626 defenderam,
212 3557 408 3632 viderentque,
436 3577 470 3614 ue
493 3557 561 3634 quid
586 3573 616 3614 ea
641 3555 800 3612 detrimenti
827 3553 976 3634 acciperet.

25 3629 50 3688 ln
63 3629 129 3694 haec
141 3635 211 3718 qnia
224 3637 351 3719 ingenti
367 3637 502 3721 pecnnia
520 3649 590 3697 erat
605 3653 699 3730 opus,
713 3633 866 3780 [guintotn
879 3647 913 3697 ot
927 3633 977 3700 vi-

26 3713 143 3778 tesitnon
158 3715 341 3782 laonltatnnt
361 3719 500 3781 omniunt
518 3715 662 3780 conferri
678 3737 711 3798 Jn
739 3730 845 3778 erunt.

70 3819 165 3884 XVltt.
196 3825 270 3886 Hoc
296 3839 444 3908 temporo
471 3823 646 3967 praecipuo
670 3821 840 3885 Ciceronis
871 3841 972 3906 opera
1001 3823 1136 3879 cleastris

26 3895 84 3970 lois,
108 3903 290 3984 quotidianis
311 3905 416 3968 ferme
434 3907 586 3970 concioni
612 3925 649 3968 ns
668 3905 821 3990 populum
838 3903 969 3969 horton·
985 3893 1148 3958 Mudu-

984 3962 1069 4016 dium.

49 4087 108 4160 cat.
120 4093 185 4148 tut.
204 4093 349 4150 eterno.
365 4095 393 4160 o,
408 4095 436 4150 o.
456 4107 486 4150 et
499 4113 527 4163 ο.
562 4087 967 4216 cap.xv11.nto.spptaa.
1016 4127 1020 4132 .

26 4157 107 4292 {22⁰⁶
122 4160 187 4220 etot
204 4161 313 4224 sassa
333 4163 396 4225 ose.
410 4165 521 4234 sotto,
533 4182 573 4224 ιι.
592 4161 662 4224 oso.
697 4163 770 4240 cap.
782 4160 862 4220 xv11
879 4197 887 4214 ·
906 4157 966 4236 *t-
