2658 4686
392 299 453 376 sor,
489 301 689 366 ssosnsn.
703 285 1270 398 surrnnuenoonouuosas

219 494 257 561 V·
273 497 370 572 clm,
383 513 510 587 foenore
525 529 587 568 non
601 508 799 584 aspernando
817 525 938 566 summo
961 509 1123 584 proveniet.
1155 510 1217 570 Ante
1228 517 1287 575 onds

198 573 256 632 sl.
270 575 360 645 eaq-
390 599 458 638 oero
473 589 537 636 tum
556 581 662 636 borum
679 580 841 645 redituum,
860 587 922 636 tum
934 597 1039 634 eorum
1051 583 1155 646 etium,
1171 585 1213 655 qui
1223 601 1250 638 ss
1258 605 1285 641 ns

268 661 274 668 “
389 650 477 708 tollis
499 653 554 704 aut
574 649 737 707 undeunde
755 651 871 723 percipi
893 655 1070 704 constanter
1088 651 1190 717 soient,
1204 653 1287 708 ineunti

389 723 471 777 sotio
484 724 546 775 ests
569 721 640 792 pori
657 717 768 775 deinde
785 715 953 773 subtilitate
972 716 1190 791 indagandum,
1213 724 1287 792 quitis

389 790 489 846 omnis
517 789 638 858 generts
664 786 857 858 erogationes
879 793 969 857 atque
994 788 1174 844 necessitates
1193 792 1287 860 seqenti,

388 863 442 914 aut
459 855 499 912 od
514 859 643 913 incertos
655 856 830 929 subitosque
844 871 932 910 casus
946 859 1126 925 praeparari
1138 865 1249 929 oporteat.
1263 859 1287 916 ii

387 927 469 983 enim
486 923 661 998 sciriferme
673 927 800 996 poterite
808 929 952 996 quantum
968 921 1069 980 adbuc
1080 929 1163 995 super
1174 927 1287 984 ordinario

385 1001 546 1082 proventus
561 1013 600 1051 eu
618 995 741 1053 tributis
758 1000 847 1066 atque
862 991 1061 1069 uectigalibus
1076 993 1287 1059 conticisniunsi

386 1079 541 1135 pecuniae.

212 1206 374 1268 llstsibutis.
446 1181 513 1243 Lll·
536 1191 629 1280 Atque
649 1191 685 1250 it
704 1193 821 1268 quidem
840 1189 1017 1250 contrubere
1036 1207 1089 1248 nec
1108 1195 1194 1266 operis
1210 1197 1287 1268 nogni,

385 1281 441 1319 nec
461 1263 600 1320 eriminss
614 1257 729 1332 suerit.-
754 1265 783 1322 si
804 1261 986 1336 simpliciter
1006 1261 1038 1316 in
1058 1279 1153 1320 omnes
1166 1263 1287 1336 patrimoni

383 1337 508 1422 portes,
526 1349 603 1405 quae
614 1329 751 1417 fructum
766 1330 984 1418 possessoribus
998 1327 1153 1415 adferunt,
1165 1333 1287 1416 'pessimo

271 1539 273 1546 ,
383 1397 1287 1593 ttttttt‘jfittsslt‘,libitinis‘J‘ibmittit'i

384 1555 490 1595 omnes
502 1557 537 1596 sa
553 1540 611 1595 utis
632 1545 723 1610 atque
735 1536 957 1596 incolomitatis
964 1535 1085 1608 fructus
1095 1536 1154 1592 est?
1179 1537 1287 1592 libislses·

383 1615 445 1664 tem
462 1609 700 1672 constituentur,
726 1609 779 1679 qui
793 1609 884 1665 stolis
902 1603 1087 1678 temporibus
1102 1605 1188 1662 debita
1199 1625 1238 1674 prr
1247 1623 1287 1672 pon

382 1683 427 1734 tes
442 1677 581 1750 exigant.
600 1695 637 1733 ea
654 1695 701 1732 res
713 1686 742 1734 et
751 1675 800 1732 leis
807 1673 984 1748 faciliorem
1001 1667 1094 1800 apicii
1108 1677 1152 1730 sui
1154 1673 1287 1746 functionem

382 1739 503 1817 efficiet,
521 1752 551 1802 et
566 1743 751 1803 debitoribus
765 1743 911 1816 proderit,
927 1763 976 1808 ne,
995 1762 1014 1798 a
1029 1743 1170 1814 iquamdiu
1184 1763 1228 1798 oon
1239 1762 1287 1796 eon·

382 1811 509 1884 pelloti,
537 1812 630 1868 simul
646 1811 743 1870 multa
760 1821 892 1883 tempore
909 1811 1011 1868 alieno
1028 1819 1165 1884 cogantur
1179 1809 1287 1868 resoluere.

384 1883 484 1953 Neque
501 1902 548 1938 me
568 1879 665 1954 fugit,
692 1883 817 1938 omnino
826 1880 988 1952 futurum,
1016 1888 1047 1936 ut
1062 1881 1195 1952 principio
1209 1877 1287 1932 moleste

373 1947 477 2006 »multi
496 1949 610 2006 tributa
621 1949 737 2021 serant.
769 1959 916 2014 ceterum,
935 1968 1025 2022 quum
1041 1968 1072 2006 se
1087 1947 1163 2004 nullo
1174 1946 1287 2002 olioonos

409 2019 526 2087 rasari,
553 2027 581 2075 et
596 2019 655 2076 bac
666 2021 805 2090 impenso
821 2037 925 2091 pacem
940 2018 1110 2090 publicum,
1132 2023 1287 2085 ceterorumque

383 2035 530 2144 bonorlsm
547 2107 670 2146 suorum
688 2107 826 2146 securam
832 2087 1014 2156 fruitionem
1030 2085 1133 2142 redimi
1147 2087 1253 2142 sentient·
1266 2085 1287 2136 si·

383 2177 422 2214 ne
438 2175 594 2214 murmure
606 2157 682 2214 baec
697 2157 907 2228 praestabunt,
926 2165 954 2213 et
971 2158 1094 2225 insuper
1106 2157 1208 2228 gratias
1219 2163 1287 2218 agent:

380 2226 545 2300 praecipue
560 2227 703 2298 quoniam
717 2227 925 2284 honestissimi
940 2227 1047 2298 quique
1059 2241 1109 2293 per
1123 2225 1207 2277 uarios
1217 2220 1287 2290 precio

382 2303 487 2350 eturas
502 2300 556 2348 out
574 2297 774 2368 magistratus
792 2294 986 2361 militiamue,
1005 2291 1145 2363 stipendii
1162 2293 1286 2358 noninepe·

266 2386 276 2404 ³
382 2361 490 2418 cunios
509 2379 527 2415 a
543 2369 572 2417 te
585 2363 748 2434 adcipienl.
788 2363 843 2419 Ubi
857 2381 922 2422 uero
942 2371 970 2420 te
985 2369 1177 2428 temperanter
1188 2361 1251 2416 stion
1262 2359 1286 2410 o'·

381 2447 468 2494 uere,
492 2430 690 2507 priuatimque
711 2451 854 2506 parcum,
880 2431 998 2506 publice
1013 2429 1162 2487 liberalem
1181 2427 1286 2510 videbunt,-

382 2505 555 2555 nemetum
578 2503 635 2557 erit
654 2501 751 2559 bonae
768 2503 877 2560 mentis
894 2505 1000 2572 inops,
1020 2503 1090 2572 quin
1110 2499 1206 2556 lubenti
1221 2511 1286 2551 semu

381 2563 442 2624 toli
453 2563 593 2640 Principi
610 2567 724 2626 tributa
744 2571 869 2644 pendat,
887 2568 975 2644 cujus
986 2571 1021 2625 in
1036 2569 1136 2640 opibus
1150 2584 1217 2624 suam
1229 2568 1286 2621 sisso

289 2701 295 2711 .
382 2651 449 2694 esse
463 2639 674 2707 securitatem,
695 2657 784 2696 suom
800 2641 918 2716 capione
934 2637 1100 2713 intelliget.

217 2767 361 2822 llebnees-
445 2755 525 2816 Llll.
554 2761 609 2819 Sic
625 2765 724 2838 igitur
738 2772 861 2830 coacta,
889 2773 1004 2838 quanta
1021 2786 1096 2836 opus
1107 2766 1171 2828 ens,
1186 2761 1285 2832 pecunius

197 2837 350 2901 difinierunt
383 2851 445 2890 non
463 2835 568 2892 omnia
589 2833 816 2890 necessitatibus
830 2841 950 2892 tontum
960 2836 1106 2908 publicis,
1124 2831 1169 2891 ssd
1184 2835 1285 2888 etiensr·

198 2903 361 2957 octodorum
383 2905 536 2960 nomentis
550 2899 715 2970 decorique,
735 2904 880 2960 insumus.
925 2906 1002 2961 Urbs
1018 2907 1073 2963 tibi
1088 2905 1219 2976 praecipue
1230 2913 1283 2963 titt

197 2971 362 3041 negnlficse-
384 2971 593 3038 aedificiorum
614 2971 866 3046 magnificentia,
884 2981 947 3030 tum
965 2973 1121 3036 ludorum,
1138 2967 1283 3028 celebrabile.

197 3041 368 3094 sieeetetroe·
383 3045 485 3108 Nam,
514 3039 656 3096 dominos
677 3047 722 3096 tot
741 3043 878 3112 gentium
899 3043 1043 3101 omnibns
1066 3043 1145 3098 rebus
1163 3051 1284 3113 essuqaust

197 3109 260 3162 deus
269 3125 333 3166 ssss.
381 3115 513 3176 eeteros,
540 3110 693 3174 conuenit,
720 3119 807 3181 utque
822 3111 897 3168 boec
916 3127 1032 3185 quoque
1044 3115 1077 3170 in
1095 3107 1284 3183 :promissus

381 3177 495 3233 babent
511 3175 645 3247 aliquid,
671 3175 750 3248 quod
764 3177 796 3232 in
811 3179 963 3238 mentibus
977 3183 1119 3238 sociorum
1132 3175 1282 3236 resumtum

380 3245 462 3320 apud
479 3246 578 3302 bostes
594 3253 739 3304 terrorem
756 3247 876 3304 excitet.

445 3341 525 3402 LIV.
551 3349 598 3405 ila
614 3347 699 3404 domi
716 3351 884 3408 constituta
900 3352 1072 3422 republica.
1099 3349 1186 3407 celeris
1198 3339 1283 3426 ndltql

382 3419 436 3476 bns
460 3421 574 3486 optime
599 3417 824 3487 moderaberis,
853 3423 880 3475 si
897 3421 984 3476 nulla
1006 3419 1172 3493 populorum
1187 3409 1283 3472 sonuisti

380 3487 481 3545 nullos
498 3493 662 3543 conuentus
675 3485 809 3556 publicos
827 3505 889 3546 esse
904 3487 1047 3561 patioris.
1075 3490 1144 3546 iiius
1154 3488 1216 3542 euin
1227 3492 1282 3562 ufll‘

381 3555 454 3610 boni
477 3557 642 3628 quidquam
670 3557 905 3624 respectandum
922 3561 981 3613 erit
1003 3574 1141 3626 usquam,
1167 3563 1191 3610 et
1205 3541 1282 3606 alul*

379 3626 538 3680 turbarum
564 3623 683 3694 aliquid
698 3641 734 3680 oc
754 3633 854 3682 motus
875 3628 998 3686 orietur.
1038 3627 1073 3686 ld
1089 3628 1174 3680 minos
1190 3611 1282 3688 neerei*

379 3701 465 3760 rent,
484 3695 511 3750 si
522 3712 559 3748 ne
577 3693 753 3750 Romanum
769 3695 888 3767 quidem
904 3695 1051 3766 populum
1068 3695 1106 3750 ad
1120 3691 1196 3746 ullum
1208 3677 1282 3764 notul*

378 3767 529 3819 tationem
546 3760 698 3828 publicam
708 3766 810 3820 uocari
826 3767 1033 3836 cognoverint.
1049 3759 1215 3820 Probibsndo
1225 3763 1282 3808 ason

376 3834 435 3892 erit
456 3829 646 3895 aedificandi
665 3830 835 3904 cupiditas,
862 3853 900 3888 ne
919 3831 1008 3904 pluro
1031 3841 1085 3888 aut·
1106 3827 1281 3897 sumptuosiurffs

311 3995 314 4006 .
368 3901 835 4044 instetissent,
852 3903 1013 4042 „lassis
1031 3899 1281 4042 ..tinnit

297 4077 300 4087 ·
376 4058 447 4094 runs
464 4036 564 4095 studia
586 4033 753 4108 etsutilem
775 4039 975 4097 ambitionem
993 4039 1027 4095 in
1051 4038 1187 4100 risosaul
1202 4041 1281 4100 ,aupa-

375 4113 471 4165 totem
486 4106 635 4163 incidant·
665 4107 822 4166 Celebrent
833 4125 907 4166 sane
921 4107 1010 4165 ludos
1024 4107 1156 4180 quosdam
1170 4119 1196 4156 ut
1209 4099 1278 4166 Μ’·

376 4173 458 4244 ’ΰῖοι
479 4175 612 4250 030φίἰὸ
623 4173 657 4230 in
674 4185 816 4236 nostrum
831 4197 944 4237 morem
960 4177 1150 4252 equestribus:
1168 4165 1277 4228 sedisse
