2588 4688
271 285 274 303 '
316 319 375 364 ω
404 301 603 368 annonae.
623 267 1277 402 sdrruanenuonmaunmxxxr.

148 523 296 591 ωηατ.
318 512 438 577 deinde
457 510 616 574 Maximus
640 508 748 593 lignea
760 529 771 588 3
801 508 889 570 thecas
911 506 963 589 effe
988 510 1154 592 oppidorum
1174 508 1290 592 Caesaris

30 621 32 632 =
151 593 288 658 A·0·'l5·
316 597 491 681 jactitatum
514 589 568 656 cll.

165 687 280 783 5„„,„„
348 695 351 702 ’
378 706 432 763 lll.
457 699 523 764 Sed
542 695 656 758 mirari
676 717 743 760 nou
762 711 906 784 oportet,
929 697 1102 763 Caesarem
1118 694 1204 758 banc
1220 695 1292 758 oden

143 797 279 851 adularer
316 785 394 850 telle
416 782 606 852 victorium,
637 800 736 862 quum
758 781 856 843 tantia
879 801 958 844 exce
984 796 1014 844 ta
1031 783 1156 846 Romae
1179 779 1292 876 publici

146 867 269 921 Caesari.
317 863 593 952 gratulationibusx
605 863 700 936 ellat,
723 875 788 925 tam
804 803 1025 946 singularibus
1043 863 1249 928 cohoneltata
1264 863 1292 922 de

263 999 267 1010 ,
318 950 431 1011 cratia.
475 947 559 1008 Saue
577 957 700 1007 tantum
720 945 768 1006 illi
786 946 1006 1008 verecundiae
1027 945 1256 1029 superfuerat,
1277 967 1292 1004 u

318 1051 425 1114 neque
441 1028 584 1090 nuncios·
595 1048 635 1088 ex
649 1027 822 1110 Hispania,
845 1049 953 1112 neque
969 1030 1082 1090 literas
1099 1025 1235 1112 publice
1248 1027 1292 1086 mit

318 1127 415 1175 teret.
458 1114 501 1172 At
521 1113 655 1182 Patres,
677 1109 830 1194 plerique
852 1110 1003 1172 adulandi
1026 1108 1150 1180 lindio,
1173 1111 1289 1170 nonnul

316 1217 381 1282 quo
410 1194 531 1273 majore
558 1205 727 1256 oneratum
754 1191 877 1256 invidia
906 1188 1054 1255 velocius
1080 1205 1113 1254 et
1136 1194 1292 1252 excusatio

315 1279 513 1364 perderent,
536 1276 681 1341 honores
696 1275 787 1337 nullo
803 1296 864 1338 nec
878 1275 950 1358 jure
961 1305 975 1348 ,t
994 1295 1056 1338 neo
1073 1275 1229 1357 exemplo
1245 1294 1292 1334 eon

314 1363 483 1446 gerebant.
527 1363 571 1422 Et
594 1359 714 1421 Cicero
743 1357 894 1441 quidem,
923 1372 1076 1442 quantum
1102 1377 1231 1418 summo
1253 1359 1292 1417 cui

282 1442 284 1445 ’
316 1444 559 1528 que'homi-num
576 1439 678 1502 tribui
694 1438 808 1524 potest,
832 1442 991 1502 sententia
1009 1463 1064 1502 aua
1081 1437 1233 1501 dederat.
1257 1441 1292 1500 So

316 1528 372 1588 alii
390 1529 437 1588 aio
453 1524 670 1594 adauxerunt,
695 1536 730 1584 ut
746 1521 864 1585 Cicero
881 1525 942 1618 pro
969 1523 1118 1586 emodum
1138 1523 1292 1582 malevolo

315 1607 410 1672 l'uille
432 1607 612 1669 videretur.
655 1608 699 1666 lta
720 1605 916 1688 supplicatio
941 1545 1069 1668 lterum
1086 1604 1292 1689 quinquagita

316 1687 466 1752 decreta:
499 1702 598 1771 utque
618 1687 778 1748 Palilibus
798 1687 868 1748 ludi
887 1681 1083 1760 ederentur,
1108 1707 1176 1746 non
1200 1683 1292 1766 jamo

313 1774 453 1834 natalem
468 1769 572 1842 urbia,
597 1769 657 1830 sed
678 1770 753 1852 qnia
772 1769 880 1854 pridie
899 1769 968 1850 ejus
985 1769 1055 1831 diei
1071 1769 1228 1830 nunciata
1245 1773 1292 1828 (at

316 1855 399 1918 saria
414 1853 495 1914 haec
509 1852 648 1935 victoria
665 1851 783 1913 luiffet.
807 1849 1076 1934 quemadmodum
1094 1850 1216 1912 eodem
1234 1871 1292 1910 ouer

237 1995 241 2008 ,
316 1956 352 1998 ae
379 1950 452 1998 ante
477 1934 564 1996 diem
592 1946 716 1995 sextum
738 1933 812 1994 ldus
827 1935 959 2016 Apriles
984 1933 1052 1995 ludi
1078 1933 1120 1994 ob
1148 1935 1292 1994 victoria]

314 2013 662 2080 Africanamfiebam.
714 2015 780 2078 Sed
808 2029 841 2076 et
864 2031 991 2078 ceteras
1018 2015 1226 2112 insigniores
1252 2017 1292 2094 eja

313 2099 471 2162 victoriae
492 2097 631 2182 singulis
651 2096 738 2158 ludis
755 2099 920 2194 placuerat
939 2097 1111 2160 celebrari.
1164 2099 1292 2159 Ceterur

233 2239 257 2256 ,Α
312 2179 394 2244 baec
421 2195 491 2244 erat
515 2182 624 2264 potius
651 2179 839 2241 calamitatis
859 2181 1096 2264 vulnerumque
1112 2181 1292 2264 reipublice

312 2263 413 2326 tristis
435 2263 658 2348 exprobratio.
700 2263 822 2324 Levius
845 2262 996 2346 ineanill'e
1018 2263 1235 2334 viderentur,
1267 2253 1292 2346 ql

315 2347 514 2410 Clementiae
534 2346 689 2428 templum
703 2343 888 2428 ponendum
907 2358 1121 2422 censuerant3
1146 2345 1291 2406 nisiaea

315 2449 412 2490 mune
432 2429 496 2512 ipsi
515 2441 611 2510 atque
627 2426 825 2490 Clementiae
844 2429 908 2489 elle
925 2427 1108 2501 voluilleut,
1133 2427 1291 2490 simulacr

224 2510 226 2516 ’
251 2505 268 2598 ’ἱ
315 2511 487 2596 utriusque
508 2509 637 2572 dextrae
656 2507 857 2594 jungentium
877 2509 1047 2574 dedicatis.

147 2633 295 2688 clementia
376 2619 432 2683 lV.
456 2619 558 2688 Sane,
590 2615 670 2699 quid
688 2616 834 2680 facturus
851 2615 952 2679 luerit
969 2619 1105 2694 Caesar,
1136 2615 1164 2679 ai
1191 2605 1291 2712 vixilll

28 2769 31 2774 ¹
128 2702 267 2764 Carraria.
315 2697 451 2774 diutius,
474 2721 539 2760 non
555 2698 668 2780 liquet.
701 2699 785 2760 Illud
805 2699 839 2760 in
859 2701 1003 2762 coulello
1025 2697 1079 2771 ell,
1102 2701 1217 2796 quoad
1232 2721 1290 2761 rixi

212 2837 218 2862 ,
314 2783 426 2844 mitem
442 2781 679 2864 humanumque
698 2796 731 2844 et
748 2782 938 2865 placabilem
956 2784 1154 2844 adversarum
1174 2805 1214 2844 se
1225 2805 1290 2866 pra

314 2863 429 2928 baille.
472 2861 538 2927 Sed
558 2877 591 2924 et
613 2864 673 2926 sub
697 2878 874 2926 extremum
895 2879 1046 2949 tempus,
1078 2865 1178 2926 etiam
1200 2865 1290 2950 quibt

313 2947 505 3008 nominatim
527 2945 668 3008 reditum
693 2967 759 3008 uon
779 2947 997 3020 concederat,
1029 2949 1158 3010 reverti
1183 2965 1290 3010 omuet

312 3027 524 3112 honoresque
545 3042 578 3089 et
595 3029 732 3112 imperia
750 3049 867 3114 capere
885 3031 989 3113 pallus
1006 3027 1061 3092 ell.
1092 3033 1233 3092 Brutum
1249 3041 1290 3113 qu

314 3109 388 3172 dem
414 3126 446 3173 et
468 3111 606 3172 Calliam
630 3125 802 3193 praetores
829 3127 895 3174 turn
921 3113 1065 3174 lecerat:
1101 3111 1177 3174 aliia
1206 3113 1289 3176 mult

313 3191 401 3254 alios*
412 3191 611 3276 magillratua
626 3193 841 3258 concelierat‘:
865 3194 1084 3272 conjecturam
1102 3194 1181 3256 inde
1194 3193 1289 3255 saciet

225 3307 230 3324 ·
312 3287 346 3336 te
366 3277 507 3360 populo,
531 3275 615 3346 lore,
639 3288 674 3336 ut
694 3279 843 3362 exemplo
861 3277 970 3339 Sullae
987 3296 1056 3339 rem
1082 3277 1226 3339 ublicam
1246 3295 1289 3336 re<

312 3356 418 3418 deret.
441 3356 548 3441 postea
567 3371 599 3418 et
614 3359 651 3417 L.
669 3357 795 3432 Sullae,
821 3363 879 3423 Cn.
894 3360 1044 3444 Pompeji
1059 3299 1193 3434 datura,
1217 3380 1237 3420 a
1252 3361 1289 3446 pl

247 3505 251 3516 ,
310 3438 353 3500 be
378 3439 550 3520 disjectas,
581 3459 643 3524 per
662 3443 839 3504 Antonium
861 3443 1017 3526 collegam
1043 3441 1208 3526 reposuit.
1256 3447 1289 3526 ql

312 3533 462 3607 tempore
485 3522 597 3584 dixilie
617 3523 735 3584 Cicero
756 3524 881 3596 fertur,
908 3525 1049 3606 Caesarem
1068 3527 1196 3605 lootrpejt
1209 3527 1288 3600 stura

200 3626 202 3634 ·
312 3605 441 3686 erigendo
452 3605 580 3683 stabilire
592 3603 668 3686 faus.
698 3603 739 3666 de
757 3604 916 3690 Pompeio
936 3625 1067 3692 semper
1089 3603 1288 3669 honorificet

310 3687 442 3748 tissime
467 3685 678 3778 loquebatur.
723 3691 899 3752 Praeterea
926 3687 1081 3753 cobortes
1107 3691 1288 3774 praetoriat

297 3886 299 3892 ·
347 3859 475 3950 eaput.
517 3876 629 3934 aenam.
644 3881 673 3946 a,
690 3871 717 3935 t.
752 3877 830 3951 cap.
841 3870 895 3934 111.
915 3873 991 3934 rna
1008 3871 1079 3943 oto,
1096 3869 1175 3946 aaa.
1194 3891 1225 3934 a
1239 3869 1287 3960 rt,

311 3949 381 4014 Dio,
400 3950 479 4014 bid.
532 3945 589 4003 vid.
600 3950 677 4010 Fall.
693 3953 720 4015 d,
736 3945 801 4004 80⁶.
829 3947 897 4004 Dio.
925 3945 1013 4004 Ouid.
1031 3947 1105 4002 eat.
1123 3955 1151 4014 tl,
1167 3949 1234 4016 377.
1286 3969 1287 3986 ¹

313 4090 490 4218 lsqpptfiqcssp
507 4089 686 4219 7Sbtletonilta.
714 4123 790 4235 l'lut.
810 4123 896 4214 Gaea:
915 4123 945 4215 el
960 4125 997 4214 (lb
1012 4105 1160 4233 cellalad!
1178 4175 1217 4215 ex
1233 4109 1278 4174 μ’

315 4225 384 4287 atil.
400 4233 431 4284 et
444 4226 595 4302 Apoplath.
613 4225 700 4284 Rom·
716 4239 747 4280 m
763 4223 825 4284 cte.
985 4235 989 4244 “
1284 4265 1286 4278 .
