2654 4682
261 353 301 398 to
336 331 1227 430 mtnsn.sul’1’uetmtt·rottctttnn.m1v3
1313 365 1314 422 1

118 563 232 618 ΜΝ·
261 551 381 628 ell'ent,
403 550 576 616 iudicabat.
610 551 699 614 unde
719 553 815 614 etiam
836 549 927 624 dies,
950 551 1008 638 qui
1023 551 1146 636 primus
1164 551 1259 616 cala.

117 622 231 678 ·⁰·⁵⁰·
261 635 373 710 intur,
395 635 588 697 Kalendarum
607 655 726 697 nomen
747 635 901 697 retinuit:
928 647 978 708 et,
1022 633 1150 696 uoniam
1166 636 1258 698 alio-

260 741 335 782 rum
355 719 513 782 mensium
534 718 708 803 quintanae
726 732 801 780 snnt
820 722 951 789 Nonae,
984 657 1122 779 eborum
1147 719 1260 803 septi.

259 825 392 876 manae,
422 802 585 866 calabatur
604 821 676 863 cum
694 799 987 874 boc‘diserimine,
1017 813 1052 862 ut
1070 820 1131 886 pro
1148 788 1259 864 r'atio·

259 889 461 960 nemausis,
495 897 568 957 aut,
594 888 653 944 dier
674 905 702 944 re
718 889 837 966 quirrqne
853 885 911 944 calu
928 881 1010 959 Jurao
1026 882 1149 956 rum-ello,
1177 897 1256 960 aut,
1315 926 1316 944 r

252 971 358 1055 septem
377 973 436 1030 dier
454 989 482 1028 re
499 968 556 1027 mlo
573 965 654 1042 June
672 965 809 1040 nuoelle‚¹
824 967 1108 1052 pronunciaretur.
1152 967 1259 1028 Cete-

259 1073 332 1116 rum
349 1073 415 1114 non
435 1049 573 1134 singulis
591 1049 701 1121 annis,
723 1048 781 1112 sed
795 1071 857 1134 per
870 1050 1039 1121 octennis,
1062 1049 1162 1112 moris
1181 1062 1260 1112 erat

249 1135 463 1208 ,intercalaris
494 1153 597 1215 eaque
618 1131 689 1214 ipsa
709 1153 762 1192 res
777 1132 971 1218 quandoque
985 1145 1121 1216 propter
1135 1152 1260 1276 snper-

258 1215 420 1282 ssitionem
438 1215 547 1277 omilla
564 1227 651 1275 erat:
680 1235 917 1300 nonnumquam
931 1235 1013 1276 vcro
1028 1215 1170 1298 intempe
1198 1215 1259 1276 ive

258 1315 431 1384 usurpata,
455 1318 552 1380 quum
570 1295 816 1380 publicanorum
836 1297 1007 1381 cupiditati
1024 1295 1152 1380 quidam
1169 1317 1261 1380 pon-

259 1373 367 1444 ti‘lices
384 1375 573 1466 gratificati,
602 1377 847 1462 productiorem
864 1394 918 1441 aut
934 1379 1118 1440 breviorem
1136 1398 1262 1440 annum

261 1484 301 1526 en
321 1463 452 1525 illorum
475 1461 646 1522 commodo
662 1461 821 1522 lacerent.
863 1465 937 1524 Non
957 1461 1022 1522 alio
1040 1475 1145 1522 autem
1162 1481 1261 1522 men-

141 1591 147 1606 .
261 1565 316 1618 se,
341 1567 435 1629 quarn
451 1542 648 1618 Februario,
677 1542 866 1604 intercalari
882 1542 932 1606 ias
950 1555 1038 1618 erat,
1059 1543 1263 1606 Terminali-

259 1627 321 1691 bus
340 1625 574 1712 jumperactis.

323 1749 394 1816 vlt.
426 1749 461 1812 ld
481 1769 522 1812 eo
540 1769 670 1834 qnoque
690 1769 774 1812 anno
793 1749 868 1814 lieri
883 1751 983 1814 Curio
1002 1771 1100 1836 quum
1118 1745 1263 1833 pollula-

260 1845 332 1906 ret,
354 1853 420 1894 non
440 1834 595 1918 ignorans
616 1833 757 1894 alienum
775 1835 865 1907 elle,
882 1837 971 1913 (nam
989 1849 1022 1898 et
1040 1834 1112 1918 ipse
1130 1845 1200 1895 erat
1214 1850 1263 1894 eo

211 1933 221 1940 ·
263 1913 459 1978 sacerdotio·
479 1913 667 1998 praeditus)
696 1918 800 1978 ceteri
827 1915 1002 2000 pontifices
1029 1913 1262 1984 reclamabant.

262 1997 376 2082 igitur,
393 2017 491 2078 quum
506 1995 649 2058 obtineri
664 2017 729 2058 non
744 1998 847 2082 pollet
860 1995 902 2058 de
916 1995 1171 2068 intercalatione,
1183 1996 1265 2074 (ne-

137 2151 144 2166 .
265 2099 329 2164 que
351 2076 448 2139 etiam
467 2078 531 2138 hoe
551 2078 701 2159 volebat)
724 2081 818 2164 quasi
836 2099 899 2163 per
919 2081 999 2142 bam
1017 2100 1059 2142 ne
1077 2091 1265 2140 ceterarum

79 2147 252 2220 ernsspntam
266 2159 399 2245 quidem
416 2179 526 2222 rerunt
545 2157 719 2244 quidquam
737 2162 790 2244 agi
807 2163 913 2247 pallus
930 2160 985 2224 ett.
1019 2164 1096 2222 Mox
1111 2157 1264 2244 apertius

5 2249 8 2264 '
75 2239 126 2344 ζ’*
137 2221 253 2300 ‘3⁰⁴'m
266 2243 482 2340 proCacsare
499 2241 607 2324 loqui,
631 2256 680 2316 et,
703 2265 768 2327 quo
783 2239 1121 2330 agitaret'optimates,
1144 2241 1266 2302 multas

90 2300 212 2361 ‘’im''
266 2337 386 2406 jactare
406 2324 497 2406 leges
516 2323 642 2406 coepit:
676 2346 742 2388 non
763 2327 852 2410 quod
873 2325 1016 2410 perferri
1039 2325 1128 2408 polle
1142 2342 1268 2408 ‚spera-

267 2417 337 2478 ret,
369 2403 429 2466 sed
455 2404 602 2466 obtentui
627 2405 797 2470 habiturus
818 2407 859 2470 ad
880 2405 1147 2479 intercedimus,
1179 2425 1265 2490 quas

267 2485 422 2574 parabat:
451 2484 660 2546 Alimentatiam
682 2487 861 2572 imprimis,
884 2502 917 2552 et
936 2489 1075 2560 Vrnriam,
1099 2489 1178 2584 (qus
1201 2508 1268 2548 nn.

268 2585 379 2630 uterus
402 2562 623 2628 definiebatur
647 2568 872 2633 vehiculorum
898 2585 930 2632 et
953 2567 1107 2632 comitum
1133 2583 1197 2632 tter
1216 2566 1270 2630 ia·

270 2649 454 2722 cientibus,
478 2663 668 2732 praetextu,
692 2653 829 2734 opinor,
853 2651 1026 2716 Clodianae
1047 2651 1157 2724 necis,
1187 2649 1270 2727 alia-

211 2779 223 2794 .
271 2752 341 2816 que,
361 2731 402 2792 dc
430 2729 614 2793 muniendis
638 2729 885 2818 sternendisque
913 2735 976 2798 viis
998 2731 1269 2810 continebantur)

208 2839 211 2850 ·
269 2828 370 2896 utque
393 2833 431 2874 ea
450 2813 576 2874 curatio
597 2813 661 2874 sibi
682 2814 716 2874 in
735 2817 991 2899 quinquennium
1013 2815 1156 2887 daretur,
1177 2811 1273 2874 lere-

270 2895 336 2957 bat.
379 2893 479 2979 Atqui
502 2894 565 2955 hoe
592 2910 688 2989 capnt
710 2911 822 2958 eontra
846 2899 1006 2960 Liciniam
1028 2897 1280 2978 Aebutiamque

270 2977 362 3060 leges
380 2995 525 3059 pugnare
544 2995 610 3036 non
624 2978 813 3060 ignorabat,
836 2981 978 3064 ideoque
993 2979 1140 3048 Rullum,
1162 2977 1272 3058 Agra-

270 3059 339 3120 riae
361 3057 444 3138 legis
464 3070 649 3130 auctorem,
673 3079 771 3143 quum
788 3063 906 3123 similia
923 3074 1070 3146 peteret,
1092 3059 1271 3120 vehemen-

198 3211 201 3221 V
270 3153 323 3201 ter
339 3138 532 3220 exagitatum
549 3138 662 3200 futtre:
685 3140 744 3202 sed
760 3145 910 3206 consulto
927 3141 1163 3227 promulgabat,
1179 3137 1271 3222 quod

272 3242 289 3282 a
311 3218 519 3302 Pompeianis
545 3220 784 3304 reprehensum
811 3223 919 3304 justam
947 3223 1018 3312 sibi
1039 3221 1174 3285 caulium
1200 3219 1272 3282 iltis

73 3317 103 3342 -·
159 3299 165 3331 l
272 3300 420 3388 partibus
439 3301 603 3368 irascendi
623 3301 746 3366 dedttre
766 3305 946 3369 rideretur.

95 3428 261 3500 Refertarls
337 3423 422 3486 Vlll.
446 3423 552 3520 Quum
571 3426 658 3489 inter
675 3427 755 3491 hoec
770 3429 933 3493 liniendae
949 3429 1084 3492 Martiae
1098 3428 1272 3502 veniffent,

86 3504 247 3584 successura
276 3503 395 3588 quihus
414 3525 454 3568 ex
473 3511 755 3574 senatusconsulto
776 3513 898 3576 referri
919 3513 960 3574 de
978 3511 1273 3574 suceeffione.Cae-

90 3573 230 3626 cmm·
278 3588 361 3648 saris
382 3587 570 3671 oportebat,
598 3590 758 3676 Gaiusque
781 3593 955 3658 Marcellus
981 3614 1018 3656 ea
1046 3593 1088 3656 de
1111 3613 1149 3654 re
1172 3590 1276 3654 verbs

275 3667 422 3730 secillet:
481 3670 559 3732 letis
586 3691 626 3734 ue
655 3673 938 3748 adsentientibus,
973 3676 1098 3756 collega
1123 3671 1275 3736 Marcelli

275 3750 408 3811 Paullus
429 3693 538 3814 silirit:
563 3691 687 3828 durio,
710 3757 839 3818 laudato
854 3759 1003 3820 Marcelli
1019 3757 1145 3830 animo,
1167 3756 1275 3814 adden·

275 3831 341 3894 dum
368 3833 538 3908 monebat,
568 3855 599 3892 ar
620 3841 727 3910 pariter
743 3841 887 3918 lampuni-
906 3845 1059 3918 prouisa-ias
1083 3859 1110 3896 er
1135 3839 1276 3896 exercitur

269 3911 336 3996 staur
356 3915 520 3977 dimitterer.
565 3915 697 3980 Sciebat
716 3917 781 3982 boc
803 3919 935 3982 minime
952 3917 1113 3984 iacturum
1132 3921 1275 4002 Pompe·

276 4043 613 4066 unu-effl-

309 4104 385 4186 an.
404 4107 457 4190 Vi.
484 4106 619 4190 Maerob.
663 4109 737 4192 (lap.
756 4107 824 4192 illl.
852 4108 922 4164 Dio.
950 4107 1017 4190 Cim
1037 4105 1075 4160 ad
1095 4109 1177 4161 Fam.
1195 4103 1230 4186 8-.'
1246 4103 1275 4157 ⁶.

278 4173 1130 4321 31¹3:ilat:ltallt.¹³t·„?ff‚;.‘¹tl0‘.⁸sla¹i⁸¹‘·²³⁰·
1148 4173 1276 4246 *mm
