2658 4686
158 324 203 387 m
224 293 376 414 noceat
395 323 480 388 nm.
494 325 670 392 cxxxvi.
684 325 802 396 nrvu.
926 325 987 414 7³7

23 533 163 608 agendum
181 533 323 606 populum
343 533 540 589 auctoritatis
558 539 656 600 esset,
681 534 757 590 dote
774 535 809 590 a'ts
824 535 982 592 matrinae·
1014 533 1163 601 [hemis.
1280 545 1283 552 ·

21 619 78 670 tium
89 612 183 680 filiu,
204 613 275 668 urbs·
292 613 495 684 praeficeret?
514 623 577 684 quo
592 617 739 684 tempore
755 625 945 686 responsum
965 627 982 667 a
1012 603 1149 662 kent·

21 703 180 756 laccenate
201 695 333 755 Caesari
350 695 479 754 leruntt
506 693 639 748 Tantum
658 689 729 766 jum
749 696 919 766 Agrippum
933 693 982 766 se.

21 777 75 840 isti,
95 783 127 829 ut
142 783 199 830 eut
210 793 305 849 gener
319 773 480 830 habendus
493 773 551 840 sit,
572 781 626 828 eut
641 770 834 828 occidendus.
856 772 890 829 ld
907 790 985 832 cen·

23 857 98 912 ilium
119 873 217 934 quum
240 849 392 922 dedillet,
415 849 536 912 excivit
554 849 729 931 Agrippam
755 849 794 908 ab
810 853 885 913 Asia
905 853 985 927 Cas.

23 957 66 1005 ar,
88 934 241 1016 misitque
260 934 413 1002 Romam,
447 929 569 991 dimilla
588 931 760 1001 Marcella,
787 932 903 993 Juliam
926 931 984 992 du.

24 1035 69 1076 ure
105 1015 239 1094 julium,
286 1013 442 1096 urbisque
479 1031 587 1072 curam
629 1011 805 1094 capellare.
870 1013 983 1076 Habeo

23 1111 161 1165 ueteres,
194 1095 368 1156 Marcellae
396 1107 530 1155 matram
553 1093 719 1154 Octaviam
747 1091 780 1156 td
811 1095 984 1156 eonsilium

21 1177 112 1238 ledille
143 1177 296 1248 Caesari,
336 1195 432 1260 quum
471 1174 602 1236 rideret
632 1173 726 1234 anxie
769 1175 983 1256 cogitantem,

20 1279 161 1340 yucmnam
182 1261 358 1322 amicorum
379 1269 470 1320 tanta
494 1255 683 1316 conditione
702 1253 887 1316 adtolleret.
924 1261 986 1317 lia-

20 1345 67 1402 lem
92 1339 208 1411 filiam,
238 1340 277 1400 ab
302 1339 447 1422 Agrippa
469 1335 643 1406 dimidium,
680 1337 755 1396 Julo
775 1337 918 1400 Antonio
940 1341 985 1400 Μ.
1017 1358 1149 1410 gamm
1238 1411 1242 1424 ι

20 1421 225 1482 &collocarit
262 1423 413 1482 Ceterum
431 1417 562 1496 minime
581 1416 701 1478 lelellit
719 1420 890 1480 Caesarem
914 1421 985 1502 opi.
999 1428 1117 1478 urbanas

20 1505 69 1564 tiu:
89 1515 195 1564 motus
209 1501 351 1562 urbanus
367 1502 513 1584 Agrippa
528 1512 651 1562 mature
665 1500 869 1581 compesuit:
891 1521 986 1583 prae·
998 1494 1139 1564 “memb

20 1587 112 1644 'ectum
134 1583 208 1644 urbi
227 1583 413 1644 Latinarum
436 1581 557 1652 caulla,
590 1599 688 1663 quum
717 1601 755 1640 ea
789 1600 920 1664 quoque
943 1579 986 1644 de

20 1687 38 1726 c
55 1666 224 1726 certamine
250 1676 362 1732 exerta
390 1683 454 1724 non
475 1661 704 1743 quiescerent,
734 1661 841 1722 creari
863 1662 987 1725 vetuita

20 1747 151 1830 legyptia
172 1765 282 1814 sacra,
306 1745 423 1804 iterum
441 1743 474 1804 in
497 1742 609 1804 urbem
627 1742 863 1806 dillimulaatcr
883 1743 988 1810 intro.

20 1827 103 1898 lucta,
126 1828 209 1888 ultra
231 1827 427 1910 quingentos
445 1823 550 1910 polius
570 1823 743 1892 submovit.

57 1951 122 2008 xx.
148 1951 264 2012 Caesar
284 1951 433 2020 interim,
457 1946 638 2008 conllitutis
664 1945 798 2008 Siciliae
812 1947 930 2018 rebus,
952 1961 988 2010 et

20 2031 159 2110 iyrscnsia
184 2033 322 2116 aliisque
348 2029 536 2092 civitatibus
559 2027 707 2090 coloniae
731 2029 894 2090 Romanae
913 2025 987 2108 ¹jure

20 2113 150 2184 ancello,
172 2113 207 2172 in
223 2113 394 2188 Graeciam
409 2111 576 2190 trajectus,
598 2109 876 2181 Lacedaemoniis,
898 2108 988 2196 quod

20 2194 114 2253 iriam
133 2215 243 2262 suam,
268 2215 332 2292 ryuo
349 2209 497 2276 tempore
514 2211 585 2253 cum
608 2191 681 2251 rire
704 2211 744 2251 ex
760 2191 847 2251 ltalia
872 2190 985 2274 prosu-

19 2289 101 2354 yerat,
130 2273 339 2358 hospitaliter
353 2275 551 2341 habuillent,
586 2270 627 2332 de
650 2285 787 2356 quatuor
811 2285 844 2332 et
868 2272 986 2366 viginti

19 2355 318 2418 lleutberolaconum
348 2355 479 2440 oppidis
499 2352 635 2436 Cythera
658 2371 728 2413 cum
748 2352 822 2412 aliis
842 2373 984 2436 qumque

19 2435 101 2511 ledit3
123 2437 292 2522 principes
309 2438 450 2499 civitatis
470 2455 589 2497 coenae
606 2453 684 2494 suae
702 2431 860 2496 adhibuit.
884 2431 986 2494 Athe·

19 2517 157 2580 tiensibus
176 2533 308 2592 contra,
329 2531 468 2614 propter
485 2515 620 2578 Antonii
640 2515 804 2585 favorem,
827 2514 985 2600 Aeginam

19 2619 35 2659 c
52 2601 208 2662 Eretriam
231 2599 368 2663 ademit:
399 2597 575 2660 interdicto
594 2596 707 2664 etiam,
740 2615 782 2656 ne
799 2595 849 2676 jus
871 2595 984 2654 eivita-

19 2681 40 2740 is
62 2703 132 2742 auae
161 2683 310 2764 cuiquam
337 2679 528 2743 venderent.
572 2679 650 2739 Eam
680 2675 742 2736 sibi
770 2675 982 2736 calamitatem

19 2761 83 2822 uilla
116 2761 329 2846 significatam
358 2761 511 2844 prodigio
548 2757 766 2820 Athenienses
802 2769 980 2840 putavere,

19 2843 78 2924 [uod
96 2847 262 2905 Minervae
277 2841 357 2907 lians
374 2843 406 2902 in
429 2861 504 2902 arce
520 2839 725 2900 simulacrum
742 2837 781 2898 ab
798 2837 925 2898 oriente
944 2857 980 2898 se
1016 2845 1155 2899 Miseram

22 2923 252 2988 doccidentem
271 2935 498 2990 converterat,
521 2920 775 3003 sanguinemque
794 2933 977 3001 exspueret.
993 2915 1167 2996 simulacra·-

19 3005 54 3064 lis
75 3007 211 3090 aliisque
229 3007 327 3068 rebus
343 3005 385 3065 ita
407 3003 586 3070 confectis,
609 3002 642 3060 in
658 3003 753 3062 Samo
768 3000 907 3061 hiemem
923 3020 978 3059 ex·
994 2999 1150 3064 ”lenm

19 3089 60 3166 tgit
74 3089 200 3148 Caesar.
223 3091 344 3148 Romae
364 3099 493 3168 pontem
513 3081 707 3152 Fabricium,
730 3079 887 3161 refectum
907 3101 923 3140 a
940 3083 978 3141 l..
994 3061 1078 3160 Ψ·

19 3169 139 3230 ΙἹΜπίεἰο
158 3171 195 3230 C.
211 3171 248 3230 F.
263 3185 413 3229 curatore
432 3165 576 3230 viarum,
602 3163 643 3256 Q.
656 3161 800 3244 Lepidus
818 3167 861 3224 Μ.
880 3163 917 3222 F.
933 3165 977 3222 M.

19 3251 112 3310 attius
128 3254 173 3312 Μ.
184 3251 220 3310 Ι<’.
233 3249 385 3310 consules
396 3267 434 3308 cr
446 3243 726 3306 senatusconsulto
739 3243 978 3328 probaveruntt

19 3345 32 3388 t
46 3333 78 3389 L.
90 3332 302 3414 Sempronius
321 3332 355 3391 L.
371 3330 406 3388 F.
423 3331 459 3386 L.
471 3331 509 3388 N·
521 3325 685 3385 Atratinus
705 3345 765 3406 pro
782 3319 917 3388 consule
937 3341 979 3386 ex

19 3409 101 3472 llrica
121 3425 236 3495 quarto
260 3411 335 3472 idua
352 3407 515 3472 Octobres
539 3405 759 3490 triumphavit.

53 3533 133 3594 xxt.
155 3537 223 3596 Jant
241 3535 285 3592 Μ.
299 3531 477 3616 Appuleius
499 3533 572 3596 Sex.
582 3533 620 3592 F.
631 3531 667 3588 P.
680 3529 780 3592 Silius
795 3529 833 3587 P.
845 3527 881 3587 F.
894 3529 978 3588 Ner·
1005 3519 1044 3574 Π·
1054 3536 1083 3576 θ·
1102 3519 1164 3582 '⁷3¹-

19 3633 34 3670 a
52 3617 197 3676 consules
218 3628 328 3690 erant3
352 3633 448 3698 quum
467 3615 562 3674 Samo
586 3610 773 3694 progrellus
790 3609 909 3669 Caesar
933 3609 977 3667 A·
997 3587 1146 3710 ἦρξ’.

20 3693 70 3756 iam
91 3717 125 3760 ac
155 3695 337 3780 Bithyniam
360 3709 392 3754 et
410 3693 534 3773 Syriam
558 3691 681 3754 invisit.
723 3689 922 3786 Quamquam
942 3707 976 3781 e:
989 3671 1176 3780 Egipfflff]

19 3775 58 3834 im
78 3777 137 3842 hae
159 3775 492 3872 populilprorinciae
520 3773 732 3844 dicebantur,
762 3791 828 3831 non
854 3771 974 3828 minori
997 3796 1173 3847 Aeuom.

21 3877 85 3922 urae
102 3873 194 3924 orant
208 3878 348 3932 omarum
361 3856 529 3946 principi,
554 3867 649 3940 atquc
671 3853 779 3914 anirno
797 3851 886 3934 regis
906 3869 973 3910 orn·
986 3862 1157 3918 n'sr'adn's.

19 3997 314 4016 Ι-ι--ι--ο-ι-σ

19 4061 93 4140 1(ἓῑψ.
112 4064 186 4117 xlx.
214 4061 290 4115 l’lut.
309 4060 418 4116 Antan.
435 4059 484 4114 lin.
508 4061 580 4142 flac.
598 4058 677 4111 Ann.
693 4058 719 4124 d,
731 4059 789 4146 dm
802 4055 878 4135 run.
904 4049 975 4144 ilie.

19 4145 66 4250 ‚ili
76 4133 278 4254 {ipa-Pansae.
294 4129 321 4198 8,
334 4147 377 4186 aa.
395 4129 465 4185 utu.
484 4129 566 4204 Prgb.
583 4126 658 4182 Anu.
679 4125 751 4182 Falla
767 4125 865 4196 Capit.
903 4125 976 4194 Cap.

25 4280 460 4373 suppurata-romam
716 4265 816 4344 Aac
