2654 4682
277 359 282 372 ·
328 333 373 406 ts
409 309 1042 402 retensusueuuu'nunronun
1059 285 1284 394 umuuxv.

162 556 200 610 u.
218 551 315 623 opos.
333 551 470 637 praestare
490 548 641 622 deberetis,
662 541 797 627 omissslis,
820 545 956 621 alterum,
979 544 1053 626 quad
1068 539 1193 624 ffmstts
1212 432 1311 618 netelld

163 628 200 680 Δ·
219 625 253 680 C·
268 633 314 694 49·
335 636 428 708 rium,
446 631 549 716 subite.
647 651 650 664 '
1309 649 1311 696 ¹

167 783 219 838 Set
232 787 327 842 mutet.
398 763 514 828 XLVI.
537 759 645 843 Quum
663 753 747 822 hano
764 757 803 820 od
818 778 932 821 rocem
946 773 1016 822 orta
1033 757 1170 820 militum
1186 751 1294 840 compl

149 851 242 907 tudini
259 853 309 908 dtr
339 848 423 910 ratio
435 847 523 918 estet,
545 843 670 907 tribuni
682 842 967 938 centurionesque,
989 839 1280 924 exquisitilIImisp

83 939 85 948 '
148 925 266 977 mim·
338 929 431 991 cibus
456 927 585 1012 placare
602 925 750 988 Caesaris
775 923 854 984 iram
875 925 956 997 nusi,
986 925 1040 986 vix
1060 921 1189 986 tandem
1212 919 1278 982 elie

246 1011 251 1020 “
337 1024 433 1084 runt,
456 1023 492 1072 ut
508 1006 597 1070 sseoti
617 1007 796 1069 videretur.
839 1005 960 1090 Igitur,
984 1017 1151 1089 resumpto
1171 1025 1280 1066 sermo

338 1091 423 1154 Nihil
441 1092 550 1171 quidem
568 1091 695 1162 cotntdi,
716 1097 780 1162 sit,
802 1109 817 1146 o
836 1090 942 1148 ortebnt
962 1094 1003 1149 ita
1020 1093 1144 1148 nteritit:
1161 1087 1214 1168 Jid
1233 1105 1286 1146 eum

333 1178 481 1238 ‘sortientur
499 1190 586 1253 poena
607 1187 772 1252 paucorum,
806 1106 875 1230 ddbo
896 1170 1070 1232 multitudini
1089 1165 1302 1251 poenitentioel

336 1276 409 1318 cnm.
453 1255 507 1316 Vos
525 1273 633 1326 antem,
664 1250 759 1332 quibus
779 1251 840 1312 itaet
858 1257 937 1312 nertin
953 1253 1127 1324 conceditur,
1158 1229 1229 1330 quid
1248 1271 1277 1308 at
1311 1257 1312 1260 ’

329 1334 372 1420 fit
391 1337 480 1409 bodie,
507 1353 607 1415 etqua
638 1329 671 1416 pt
691 1351 768 1427 patto
788 1353 819 1392 tte
840 1333 1028 1408 dimittamini,
1052 1331 1207 1416 diligenter·
1220 1353 1286 1390 mern

338 1437 406 1480 tote.
450 1417 544 1490 Num,
569 1415 599 1494 Jt
620 1411 708 1496 pollen
736 1355 786 1476 vel
802 1417 906 1475 minimi
926 1437 1014 1476 motus
1036 1411 1085 1476 ont
1107 1409 1314 1480 unctores'aliit,

337 1520 388 1560 ant
402 1497 471 1582 socii
484 1498 622 1582 fueritis,
646 1492 843 1578 veterirfitnul
858 1502 1024 1579 recentisque
1043 1497 1138 1558 delicti
1155 1515 1292 1578 poenamt

337 1581 486 1665 effugietis.
529 1578 657 1642 Militem
679 1598 732 1638 non
747 1576 837 1660 solnm
860 1579 1018 1660 ittdefeffnm
1039 1581 1076 1639 od
1096 1578 1220 1651 lnboret,
1255 1515 1315 1652 indi

245 1720 248 1727 .
335 1684 418 1748 grum
441 1663 478 1722 ud
514 1662 618 1735 roelia,
661 1659 695 1720 ed
715 1665 797 1721 etium
817 1659 861 1720 vel
881 1666 997 1720 mxime
1016 1665 1181 1744 morigerum
1199 1651 1315 1739 ddcieffi

337 1763 463 1826 oportet:
494 1679 541 1804 lot
554 1739 584 1824 Jt'
601 1740 687 1813 ulit,
718 1741 824 1822 reliqna
843 1742 952 1822 saepius
975 1745 1005 1802 in
1030 1747 1175 1825 perniciem
1195 1744 1316 1830 umentem,

336 1846 419 1912 qnam
445 1828 605 1905 eujttsquam
632 1825 783 1895 contmado,
817 1823 928 1884 cedant.
971 1824 1101 1906 Majores
1123 1819 1228 1900 nostri,
1257 1839 1316 1902 pene

356 1922 404 1968 nor
423 1904 528 1988 aliquot
539 1903 655 1987 fitetulit
669 1903 773 1986 stemma
791 1902 856 1962 belli
892 1903 963 1964 lotio
979 1926 1030 1987 per
1043 1903 1247 1985 bominesfuit,
1271 1899 1316 1961 stul

335 1927 393 2050 lius
410 1992 452 2048 rei
468 1987 667 2070 diligentiores,
690 2005 769 2067 quam
790 1925 950 2066 disciplinae
970 1987 1111 2062 militaris,
1134 1985 1256 2062 instudes
1267 1985 1316 2066 fue

335 2089 417 2132 tutte.
460 2069 563 2130 Iisdem
582 2067 642 2128 illis
654 2085 766 2129 ‚certum
785 2070 982 2150 immotumque*
990 2068 1098 2150 fereper
1112 2069 1195 2152 fitit,
1220 2062 1317 2148 plutei

336 2153 422 2225 duee,
452 2169 533 2232 quart
554 2153 744 2221 intexerent,
775 2165 914 2230 reponere.
957 2152 997 2211 At
1015 2172 1048 2210 ne
1068 2151 1115 2210 loc
1135 2155 1267 2210 uniuersa
1288 2167 1317 2206 rt

244 2261 247 2278 ι
336 2253 400 2294 rum
420 2251 522 2292 tratura
542 2230 637 2292 docere
656 2228 807 2313 paullisper
823 2249 943 2292 aeternos
960 2232 995 2294 de
1031 2233 1103 2315 effer.
1130 2230 1228 2312 ninue
1247 2233 1317 2288 mino

162 2312 165 2324 “
336 2319 379 2374 rit
400 2313 449 2393 esi,
471 2313 543 2394 qnod
564 2315 683 2394 regitur,
709 2331 788 2392 qnam
808 2313 881 2393 quod
900 2318 1027 2396 imperet.
1071 2315 1193 2393 ldeopne
1212 2311 1318 2390 Jouenl

336 2396 416 2474 cajus
436 2399 467 2455 in
484 2393 613 2475 potestate
634 2397 724 2454 omnia
744 2392 794 2472 effe
813 2395 959 2468 credimur,
980 2402 1112 2477 optimum
1133 2399 1318 2474 maximumque

336 2495 478 2537 notemur:
500 2493 527 2536 et
547 2478 578 2534 in
595 2473 715 2548 leonine,
737 2474 863 2536 membris
882 2477 1005 2540 omnibus
1025 2499 1134 2560 totoque
1153 2493 1269 2560 corpore
1282 2495 1318 2534 nn

337 2577 428 2630 mern,
451 2576 468 2616 a
485 2575 713 2640 quartgntttur,
725 2557 819 2640 potior
834 2556 882 2636 est.

338 2753 341 2759 Δ
400 2689 528 2756 XLVII.
553 2688 629 2748 Haec
647 2689 726 2768 prius
746 2687 901 2850 intessipere
921 2711 969 2750 not
988 2689 1140 2770 oolniffim,
1163 2712 1191 2752 et
1203 2673 1269 2752 erat
1282 2711 1316 2750 ene

338 2769 403 2833 lias.
435 2792 467 2832 ut
488 2790 577 2831 tamen
590 2769 675 2849 semul
696 2788 723 2828 et
745 2769 805 2830 nece
827 2773 902 2829 oriae
916 2771 1094 2852 seueritatis,
1117 2794 1144 2834 et
1159 2772 1264 2856 solitae
1281 2771 1318 2832 clo

337 2855 452 2913 mentite
471 2871 543 2912 meae
561 2853 632 2910 tatia
648 2849 796 2924 habeatnr,
818 2855 848 2911 in
862 2869 958 2934 paucos
977 2855 1054 2916 edam
1072 2854 1244 2936 exemplam,
1266 2875 1318 2936 qno

337 2938 368 2994 in
394 2953 479 2995 totam
505 2934 634 3016 legionem
659 2931 828 3014 oportutffet,
874 2934 990 2996 Centum
1016 2956 1044 2996 et
1069 2941 1171 3019 uiginti
1184 2936 1318 3018 seditioni

336 3034 460 3077 auctores
480 3013 609 3096 deposco,
641 3013 714 3072 unde
738 3013 878 3074 duodecim
901 3017 939 3076 ad
978 3039 1070 3078 oettmn
1086 3019 1165 3100 forn
1186 3037 1316 3078 vocentur

291 3159 294 3166 ,
319 3116 364 3158 .et
385 3102 440 3160 erit
462 3095 574 3176 aliquod
595 3099 775 3175 poenitentiae
788 3091 914 3178 fignum,
944 3034 977 3172 lep
988 3097 1108 3176 peffimns
1131 3100 1253 3160 homines
1273 3099 1318 3158 obe

334 3181 445 3240 dt'ettter
467 3177 655 3238 tradideritis.
700 3178 815 3239 Sortes
838 3177 882 3240 ita
909 3178 950 3241 ‹Ie
976 3178 1129 3243 industria
1153 3195 1228 3244 sunt
1255 3197 1316 3244 tent

335 3273 487 3344 perstas,
515 3273 552 3321 ut
574 3257 835 3322 seditiosiIIImus
858 3261 999 3346 quisque
1020 3263 1207 3326 duceretur.
1253 3262 1316 3326 Sed

360 3363 436 3403 uum
462 3362 502 3404 ex
528 3341 591 3402 hou
615 3359 752 3403 numero
780 3361 876 3402 unum
901 3357 1052 3428 ternpore
1077 3345 1254 3407 seditionis
1281 3345 1316 3406 sit

334 3363 431 3486 luins
452 3421 627 3495 constaret,
652 3421 895 3498 centurionem,
920 3423 1010 3504 ouius
1034 3427 1191 3490 calumnia
1214 3445 1318 3488 uomet

298 3569 301 3577 ,
336 3506 477 3568 deletum
492 3505 677 3568 innocentis
693 3503 811 3576 iuerat,
828 3527 890 3587 pro
908 3507 965 3568 illo
977 3509 1097 3571 Caesar
1112 3509 1219 3582 occidi
1236 3508 1318 3588 quI'n

335 3588 398 3650 His
420 3587 531 3652 securi
551 3585 728 3672 pereulI'ts,
759 3601 962 3649 exauctorata
988 3590 1098 3674 legio,
1130 3611 1194 3652 non
1222 3590 1315 3652 seren

336 3669 564 3754 ignominium,
596 3687 694 3753 quum
713 3668 880 3751 repudiari
901 3689 1028 3734 suumn
1054 3691 1141 3734 erum
1161 3685 1313 3734 cerneret

335 3771 402 3814 uon
426 3751 547 3815 destitit
569 3749 761 3813 satisfacere
785 3751 995 3833 imperatori,
1022 3695 1147 3826 donee,
1168 3755 1318 3815 multise

336 3834 540 3919 supplicibus
557 3831 712 3918 precibus
731 3846 881 3906 exorato,
903 3835 1071 3918 pristinum
1094 3837 1128 3898 iu
1151 3855 1318 3898 sacramen

304 3951 307 3958 ,
335 3928 403 3978 tum
425 3917 666 4000 reciperetur.-

290 4155 299 4178 “
379 4167 455 4250 Gap.
471 4166 572 4220 XLVI.
599 4165 669 4220 Dio.
713 4165 787 4240 (Iup.
811 4166 929 4228 XLVII.
954 4165 1082 4241 Appieu.
1107 4165 1179 4224 Dio.
1203 4165 1318 4244 Appias

335 4237 472 4301 Froutsn.
488 4237 515 4314 4,
532 4236 559 4302 β.
586 4232 711 4299 Sueten·
