2610 4696
105 1003 377 1081 tottANrtts
425 997 806 1139 ettetptsflunsst

35 1217 356 1280 ttrruutffittronuut
373 1217 616 1276 LIVIANORUM
632 1217 745 1274 Lmen
759 1215 909 1274 Lxxxtx.

106 1413 142 1474 ΙΝ
162 1408 311 1474 Locum
332 1407 448 1468 LlBlll
469 1405 611 1472 cxxtv.
634 1407 673 1468 Τ.
693 1405 810 1474 LlVll.
891 1465 893 1473 ,

50 1653 68 1712 l.
89 1654 161 1714 llam
180 1655 260 1718 haee
282 1655 315 1714 in
335 1651 443 1716 Africa
462 1651 605 1716 minum
626 1653 712 1716 inter
730 1642 830 1716 ducet
853 1651 940 1714 ultro
969 1663 1005 1720 tt.
1023 1679 1050 1718 e.
1066 1675 1127 1730 ⁷¹⁰·

16 1731 116 1816 iitroque
136 1733 234 1808 liunt,
266 1735 303 1796 ad
322 1735 510 1816 Philippos,
541 1733 596 1794 ubi
621 1734 661 1794 dn
688 1755 807 1796 anmma
831 1753 940 1796 rerum
971 1735 1006 1788 Α·
1025 1733 1121 1796 (lit-

16 1817 161 1888 tentabatur,
184 1817 346 1900 paullatim
364 1815 402 1876 ad
421 1811 563 1874 universi
579 1815 699 1898 proelii
715 1817 815 1877 aleam
829 1815 940 1876 atlceu-
971 1801 1095 1922 imm

16 1911 55 1954 tun
69 1895 110 1956 ell.
148 1902 194 1958 Ne
221 1917 261 1958 ue
282 1897 365 1960 enim
385 1895 576 1958 desinebant
592 1898 709 1957 Caesar
729 1918 764 1960 ac
782 1899 941 1958 Antonius
955 1873 987 1922 ‘¹³
1016 1873 1134 1952 'Lm'

16 1995 143 2064 propinare
160 1919 301 2052 halem,
333 1977 468 2040 lidentea
486 1977 631 2050 viribua,
661 1991 694 2056 et
711 1999 776 2040 non
796 1977 835 2038 de
856 1941 1082 2038 ηοω-ΝΜ

16 2069 80 2114 uaatu
97 2073 208 2120 tantum
230 2059 381 2132 solliciti,
411 2051 468 2118 aad
489 2058 602 2128 etiam,
625 2078 666 2118 ne
687 2078 748 2141 per
767 2059 944 2120 absentiam

16 2153 65 2196 tuan
78 2139 257 2222 Pampejna,
279 2141 366 2201 ltalia
382 2151 533 2220 recepta,
555 2139 588 2199 in
605 2139 821 2202 Macedoniarn
839 2154 944 2202 trans·

16 2213 58 2276 iret.
91 2221 200 2282 Contra
220 2221 341 2283 Cassiua
364 2241 399 2282 ae
415 2223 550 2294 Brutus,
581 2221 727 2302 utrisque
746 2223 778 2282 in
800 2221 944 2304 partibus

16 2297 68 2359 tius
83 2299 151 2362 itare
168 2301 353 2384 cogitando,
375 2319 510 2385 parcere
526 2300 576 2361 hia
596 2321 655 2384 pro
671 2298 804 2392 instituti
823 2301 872 2362 aui
885 2301 945 2364 hu-

17 2383 115 2440 nnitate
129 2383 311 2465 cupiebant,
334 2383 455 2444 ataine
474 2401 526 2442 san
552 2381 626 2442 uina
645 2383 811 2444 victoriam
831 2401 946 2444 conae·

17 2459 52 2542 [ui.
81 2483 132 2524 nee
151 2465 239 2524 anim
262 2463 419 2526 axercitui
441 2483 499 2524 suo
522 2401 730 2538 ‹iiffiuebanu
763 2465 818 2548 qui
840 2465 947 2526 minor

17 2541 98 2622 {uidem
115 2559 179 2607 arat
197 2543 315 2618 hollili,
338 2545 395 2606 aed
415 2545 547 2626 agraoie
567 2557 776 2628 perarmatus,
800 2563 946 2628 auroque

18 2632 148 2704 tangento
167 2627 311 2710 plurimo
329 2627 445 2686 nitens.
527 2626 623 2719 uippe
648 2627 786 2698 Brutus,
816 2639 847 2687 et
874 2625 945 2708 ipae

18 2719 104 2778 matur,
125 2721 156 2770 et
176 2707 317 2768 ducibus
340 2709 406 2768 auia
429 2721 539 2768 auctor
557 2707 748 2788 lrugalitatia
769 2701 802 2766 in
824 2707 944 2768 cetaria

18 2783 87 2856 ulus,
113 2787 169 2850 hac
192 2787 354 2871 elegantia
382 2801 414 2848 et
439 2788 545 2872 pretio
569 2789 700 2847 militum
726 2787 798 2848 aeui
821 2788 944 2848 animoa

18 2863 113 2940 ebatur,
134 2883 184 2942 ut,
209 2890 274 2932 non
292 2883 448 2952 tamquam
463 2889 557 2939 arma,
582 2867 638 2928 aed
657 2867 750 2929 etiam
767 2887 846 2964 opea
861 2888 944 2940 uuas,

19 2941 150 3026 iligentiua
169 2965 351 3012 tuerentur.
403 2953 444 3012 Et
463 2970 537 3009 aane
557 2969 620 3008 non
642 2949 751 3011 deerat
771 2949 821 3010 lua
840 2949 945 3032 copiis

19 3023 130 3106 laertium
166 3031 228 3092 aed
255 3045 286 3092 et
308 3031 402 3104 ideo,
435 3031 507 3114 quia
536 3030 684 3112 plerique
708 3051 747 3092 ex
766 3030 945 3112 provincii·

19 3107 54 3166 nti
69 3113 176 3208 milsses
199 3123 303 3184 erant,
327 3132 469 3194 pugnare
489 3131 526 3171 cu
552 3111 668 3183 iebant,
692 3131 756 3195 quo
774 3111 870 3172 citius
888 3111 946 3172 do·

20 3203 50 3246 tta
66 3207 315 3256 remitterentur:
338 3205 370 3254 et
385 3191 488 3253 ballea
505 3133 584 3252 ariao
602 3207 807 3254 contemnere
828 3213 947 3276 coepe·

20 3285 63 3337 ¹¹¹¹,
87 3289 115 3334 ut
139 3273 355 3336 aulllaminari
380 3274 518 3358 impetus
546 3293 655 3334 eorum
680 3275 760 3334 ultra
783 3275 945 3357 nequiret.

20 3341 96 3434 ltippe
113 3369 176 3416 tum
197 3355 422 3426 timiditatem,
453 3369 516 3414 tum
535 3354 628 3413 etiam
648 3353 788 3436 inopiam
803 3355 948 3416 Julianu-

21 3445 51 3488 tm
61 3435 226 3498 elarillimis
239 3435 368 3496 indiciis
381 3435 420 3496 tle
445 3433 625 3496 rehendill'e
638 3434 843 3510 videbantur3
860 3435 946 3520 quotl

21 3505 38 3568 li
56 3519 147 3598 capias
173 3519 263 3580 intra
286 3517 400 3576 vallum
423 3457 646 3588 lustraverant,
675 3531 708 3578 et
730 3515 885 3578 militibua
907 3515 946 3576 atl

21 3593 154 3682 perilieium
173 3599 352 3684 paullulum
369 3597 522 3659 frumenti
539 3617 608 3664 cum
623 3597 764 3660 denariis
800 3597 884 3656 uinia
897 3595 948 3656 di·

21 3687 117 3738 uerunt.
156 3685 201 3742 At
218 3679 341 3741 Callias
359 3692 390 3740 et
404 3683 535 3750 Brutus,
558 3690 591 3738 ut
608 3677 721 3740 rondes
736 3617 869 3740 tollium
882 3691 947 3738 tra·

22 3770 137 3832 urerent,
164 3759 356 3822 lustratione
380 3759 539 3821 exercitus
564 3759 596 3817 in
620 3759 803 3844 patentibus
825 3757 945 3842 campie

22 3831 120 3914 tilituta,
148 3842 355 3904 victimarum
374 3840 504 3901 uberent
526 3837 649 3921 copiam
690 3859 727 3901 er
746 3839 945 3923 manipulos,

22 3915 164 3986 tdenarioa
188 3923 318 3986 viritim
335 3923 561 4006 quinquaginta
578 3861 821 3984 diurnium-ant.

23 4037 304 4062 ’ξω-ω·

23 4101 113 4223 popm
133 4108 202 4178 mo,
219 4071 305 4178 ’1.47.
331 4107 454 4184 appui,
473 4105 559 4164 utvtt.
577 4107 598 4163 ι.
614 4107 641 4176 4.
659 4107 736 4166 utut.
754 4109 856 4164 arun.
875 4100 943 4162 uto.
