2688 4698
212 313 255 378 IN
275 312 426 380 Locum
444 317 524 379 Llli.
552 319 646 382 CXL.
670 315 783 386 LlVll.
923 318 983 400 783

530 451 979 472 *uun-*naun

28 520 122 580 trium
151 524 336 618 procedere
357 545 428 586 cum
449 525 550 607 signis
570 538 602 586 et
624 525 740 610 equilis
762 525 918 623 comptis,
950 539 984 590 et
1014 529 1049 588 ll.
1062 533 1159 601 cedd.

27 603 137 664 lutare
158 621 388 688 imperatorem
408 607 512 687 jullit3
540 608 802 691 praetoriumque
821 630 851 668 or
872 609 983 671 dextre
1012 604 1133 679 A·c·tt·

27 697 84 742 ute
107 683 218 748 statui.
260 691 328 752 Nec
345 689 443 750 inulto
461 685 530 772 poll
549 687 718 750 exstinctus
736 688 799 761 eli,
830 691 915 751 inter
930 713 984 752 su-

26 785 104 826 :uuaa
127 767 245 830 fratris
266 771 385 830 oscula.
429 771 567 852 Corpus,
590 769 691 830 invito
709 791 811 854 prope
826 773 982 847 exercitu,

26 849 49 906 ui
69 849 219 910 cremari
237 849 268 910 in
284 855 399 918 armis.
422 850 507 912 inter
525 872 606 933 quea
622 851 803 925 ceciderat,
825 853 982 926 roluiffet‚

37 928 183 992 'liberio
202 932 338 1012 primum
363 951 424 1014 por
445 933 652 994 centuriones
678 947 710 994 et
730 933 876 996 tribunus
898 935 985 996 mili-

25 1031 59 1068 un
79 1011 123 1072 cd
147 1009 286 1074 hiberna
310 1013 514 1096 deportatum
541 1011 594 1074 ell.
636 1012 714 1076 lade
734 1013 984 1098 municipiorum

25 1091 269 1175 aloniarumque
297 1093 458 1177 primores
483 1107 698 1179 exceperunt,
731 1096 983 1178 suscipientibus

25 1174 181 1235 :ribarurn
199 1175 363 1248 decuriis,
393 1191 426 1238 et
446 1177 547 1240 eflusa
564 1198 625 1259 per
642 1175 786 1240 officium
804 1179 983 1240 multitudi-

24 1261 57 1326 e,'
90 1255 428 1398 rogisaueadcensie.
472 1259 527 1320 sic
550 1263 680 1320 llomam
699 1259 869 1343 perlatum,
890 1260 984 1342 pedi·

24 1358 54 1396 us
70 1351 191 1400 antece
217 1353 290 1400 enta
306 1340 451 1410 Tiberio,
474 1359 534 1402 nec
550 1361 681 1422 usquam
695 1341 735 1402 eb
747 1359 798 1414 eo,
820 1338 984 1424 poliquanr

24 1417 153 1480 irinum
182 1421 375 1490 advenerat.
408 1419 650 1484 discedentibus
675 1422 793 1484 vitrico
824 1436 856 1484 et
880 1435 983 1484 matre

23 1499 99 1560 ivis.
147 1502 297 1564 Lictorea
314 1523 444 1587 quoque
461 1505 586 1579 versis,
610 1518 646 1568 ut
661 1503 695 1565 iu
710 1505 816 1578 luctu,
838 1503 981 1566 fascibus

23 1581 229 1664 equcbuntur.
578 1617 580 1626 ·

59 1688 133 1750 Vll.
158 1691 239 1785 Tum
253 1690 294 1786 5¹¹.
314 1688 399 1765 foro,
422 1689 628 1788 circumfusis
647 1689 851 1753 Claudiorum
870 1691 981 1752 Lirio-
1012 1691 1103 1780 Fuern

22 1771 613 1917 usurariarnatu
631 1770 855 1916 tetrus
873 1775 982 1915 lu·

24 1873 61 1992 ric
83 1932 333 2004 sinehcrirnir,
364 1935 397 1998 in
416 1939 506 1999 circo
523 1877 700 1998 Fliminioe
731 1897 835 2017 qdod,
858 1875 984 1998 gummi

21 2033 96 2074 ‘nam
115 2015 158 2074 ob
179 2015 454 2099 superstitionem,
485 2017 613 2100 ingredi
633 2017 831 2099 pomoerium
849 2017 898 2079 sas
918 2035 985 2078 non

21 2085 65 2155 lle
82 2095 226 2156 rebatur.
270 2101 315 2160 Ea
330 2099 362 2158 in
380 2099 561 2161 laudatione
582 2111 731 2180 precatus
750 2095 868 2158 dicitur
882 2099 983 2170 Deos,

20 2175 124 2232 itniles
142 2179 244 2232 Druso
263 2183 408 2236 Caesares
423 2199 491 2237 suas
502 2180 659 2252 furerent,
684 2178 798 2247 sibique
812 2187 878 2236 inne
893 2179 986 2235 done-

20 2255 84 2300 tum
116 2245 292 2322 quandoque
314 2249 431 2327 exitum
456 2250 589 2316 darent,
626 2266 715 2321 quum
739 2245 790 2305 illi
817 2247 982 2306 dedissent.

19 2315 152 2375 luderet·
180 2321 321 2399 equitum
350 2321 565 2382 Romanorum
594 2313 758 2380 illustrium
783 2314 927 2380 humeris
948 2317 984 2378 in

19 2403 353 2540 :ampum'perlutam
385 2401 494 2484 ibique
513 2414 748 2462 concrematum
770 2395 833 2461 eil:
855 2399 983 2462 cineres

19 2499 35 2536 a
58 2483 156 2560 Augu
183 2479 194 2538 i
216 2481 431 2554 conditorium
451 2481 541 2544 illati.

66 2587 153 2648 Vlll.
183 2588 317 2651 Fortior
338 2590 369 2649 in
391 2587 483 2669 hujus
505 2585 596 2648 obitu
616 2587 708 2649 Livia
731 2585 811 2656 suit,
840 2605 931 2670 quem
950 2584 983 2645 iu
1015 2591 1163 2660 lietefiltl

19 2669 164 2728 darcella
179 2690 283 2754 nuper
301 2670 434 2735 Octavia
449 2669 573 2730 luerat:
598 2669 667 2729 sire
687 2667 774 2750 quod
788 2665 890 2727 adhue
903 2667 985 2728 ulter
997 2663 1170 2728 mnfflfm

19 2747 148 2810 iliorum
169 2769 354 2835 supererat,
386 2753 455 2816 sire
480 2751 552 2810 eliis
573 2749 697 2810 cuussis.
739 2747 900 2809 Proluiss'e
921 2729 1118 2808 eibismlm·

20 2832 166 2914 apientie
184 2835 262 2898 Arei
280 2836 399 2898 monita
418 2831 555 2900 dicebat,
577 2850 618 2892 ne
636 2831 737 2892 nimio
753 2831 841 2891 lactu
857 2847 984 2914 merge·

21 2929 108 2974 etur.
150 2915 302 2979 Honores
318 2917 435 2977 deinde
450 2913 631 2976 cumulatim
650 2911 824 2975 memoriae
843 2911 911 2990 ejus
929 2909 983 2970 ad-

19 2995 81 3054 niti:
115 3016 174 3056 noc
194 3021 253 3082 por
271 2997 484 3060 adulationem
506 2995 626 3076 magis,
658 2993 982 3077 quamjuremerito.

19 3085 183 3140 iermanies'
201 3100 378 3166 cognomen
399 3078 462 3162 ipsi
484 3073 701 3160 posterisque,
724 3073 859 3143 statuae,
891 3093 984 3134 arcus

19 3183 204 3224 marmoreus
225 3185 296 3225 cum
315 3159 455 3242 tropaeis
471 3159 521 3219 ria
536 3159 650 3240 Appia,
674 3157 760 3218 etad
778 3159 882 3241 ipsum
898 3153 986 3214 Rhe·

19 3265 80 3302 um
100 3242 291 3307 honorarius
315 3241 454 3305 tumulus
476 3237 689 3322 maguntiaci,
722 3239 824 3300 adhuc
844 3233 986 3330 vestigiis

23 3323 75 3402 jus
105 3330 311 3388 monumenti
330 3321 528 3386 durantibus.
571 3321 652 3380 Eum
679 3321 839 3382 exercitus
866 3328 985 3376 exorte-

24 3409 70 3477 ir;
95 3405 322 3490 decretumque
333 3449 341 3476 ‚
351 3431 352 3436 ¹
364 3423 396 3468 ut
407 3415 488 3469 eirea
502 3429 570 3467 eum
588 3409 723 3480 deinceps
738 3416 820 3464 stato
836 3407 885 3461 die
902 3413 983 3476 quai·

19 3491 101 3544 ranis
123 3485 209 3544 miles
231 3489 421 3556 decurreret,
450 3487 680 3557 Galliarumque
703 3484 839 3540 ciuitates
862 3477 988 3562 publice

21 3563 227 3636 applicarent.
269 3557 424 3641 Augustas
451 3559 591 3638 elogium
615 3557 683 3636 ejus
706 3553 853 3624 tumulo,
884 3571 989 3612 versa·

41 3773 115 3844 Csp.
132 3771 183 3826 Vl.
203 3767 290 3825 Ouid.
309 3767 344 3823 ud
362 3767 426 3822 niv.
440 3783 467 3817 v.
479 3763 523 3830 ὃς.
541 3760 606 3815 Vel.
625 3761 701 3815 Mes.
717 3757 804 3812 Ouid.
824 3755 861 3810 ed
877 3752 989 3834 [ίῳ.

23 3845 69 3909 67.
91 3839 158 3894 ὓίο.
178 3840 259 3894 Suet.
280 3837 382 3894 Claud.
402 3853 424 3888 ι.
444 3833 514 3887 Seu.
533 3827 652 3884 Consul.
672 3827 707 3882 ud
726 3831 818 3882 Mare.
839 3842 864 3878 o.
881 3827 907 3876 3.
926 3823 990 3876 latr.

19 3909 87 3978 ipit.
118 3909 237 3963 Sueton.
263 3907 330 3960 Tib.
348 3925 375 3973 q.
404 3905 472 3956 Teo.
498 3893 857 3974 snn.3‚c.,cnp.v1t.
885 3889 990 3946 Senec-

19 3977 95 4030 tvirt.
116 3975 154 4030 ad
171 3975 233 4030 Liv.
252 3995 281 4030 v.
296 3985 353 4034 itt.
370 3983 398 4028 et
418 3989 474 4038 ¹77·
495 3971 563 4022 Tea.
584 3966 648 4020 uio.
668 3963 752 4020 Ovul.
769 3961 805 4016 ad
820 3963 882 4016 Ltv.
894 3975 992 4039 mpq.

19 4046 76 4100 iio.
99 4047 222 4099 Sueton.
242 4043 344 4098 Claud.
366 4062 389 4096 ι.
425 4039 498 4110 Cap.
521 4035 597 4089 l‘lll.
626 4031 713 4088 orit.
736 4043 764 4084 ot
783 4032 904 4110 Sueton.
922 4028 992 4106 ⁰¹9·

19 4116 71 4167 liv.
98 4114 178 4184 Epit.
199 4111 266 4167 Dio.
287 4112 357 4166 Sea.
377 4113 464 4164 Cone.
483 4105 519 4158 ad
537 4107 628 4158 Marc.
649 4119 673 4156 c.
693 4103 718 4158 3.
735 4111 763 4154 et
781 4109 809 4168 q.
833 4101 893 4154 lar.
911 4097 990 4167 Eptt.

19 4184 88 4238 ilar.
104 4188 140 4252 4,
163 4201 203 4238 aa.
224 4181 344 4234 Suetou.
363 4176 463 4234 Claud.
478 4197 501 4232 a.
