2596 4686
326 307 385 382 nt
415 299 618 366 marnoa.
631 253 1285 398 surrsnuuutonmscnnxxrx.

165 513 307 588 memes.
328 509 471 597 praemia
489 509 626 604 insuper
641 505 796 570 Romanis
819 505 867 592 acl·
879 525 916 570 se
934 507 1107 571 acoess'uris
1129 510 1208 572 effet
1227 511 1289 594 poll

163 587 299 657 &004⁶-
329 595 431 684 citus,
455 613 495 654 cx
513 589 698 674 legionibus
715 589 882 672 Scipionis
900 604 1013 686 quarta
1032 604 1182 666 etsexta,
1202 594 1289 677 inqu

185 663 190 688 '
326 676 389 738 bus
406 673 535 737 Gaetuli
552 671 655 746 erant,
679 671 769 732 cives
783 673 921 733 Romam
935 671 1088 770 plerique
1102 695 1227 748 omnes,
1248 697 1289 760 per

328 757 441 832 multi,
464 754 636 842 partimin
656 750 754 816 callra
772 753 941 826 Caesaris,
964 769 1083 838 partim
1101 777 1167 840 quo
1186 759 1289 842 quisqu

327 839 454 925 potuit,
483 837 674 922 peringere.
717 836 856 920 Equites
874 836 988 910 etiam,
1018 838 1074 922 qui
1094 859 1136 901 ex
1155 839 1247 901 clade
1262 847 1289 902 tt

327 921 433 984 rionis
460 919 545 1004 apud
571 921 693 980 Varum
720 932 962 992 remanserant,
996 921 1182 1006 complures
1210 923 1286 984 ecclc

236 998 239 1008 '
269 995 284 1009 “
327 1003 467 1065 oonsilio
489 1015 564 1064 sunt
584 1000 646 1062 usi.
689 999 756 1062 Sed
780 1012 819 1060 ct*
835 999 984 1074 Gaetuli,
1020 1023 1102 1086 quos
1126 1023 1198 1066 cum
1219 1005 1288 1066 litet

253 1091 255 1097 '
330 1085 478 1148 Caesaris
497 1084 625 1160 domum
644 1081 700 1144 ille
718 1081 878 1155 diximus,
902 1083 993 1147 cives
1013 1105 1091 1148 suos
1110 1086 1152 1147 ad
1169 1083 1289 1154 deliciet

307 1165 406 1228 aum
424 1189 442 1230 a
463 1187 543 1251 rege
561 1166 643 1230 Juba
663 1165 890 1250 perpulerunt.
950 1167 963 1250 ‚¹

388 1299 520 1363 xxvn.
544 1297 611 1360 Sub
632 1295 719 1358 idem
739 1311 867 1380 tempus
886 1317 971 1358 nona
989 1312 1023 1361 et
1039 1297 1165 1362 decima
1177 1303 1288 1366 Caesar

329 1381 478 1464 legiones
501 1401 541 1442 ex
558 1379 670 1442 Sicilia
690 1393 850 1442 venerunt
873 1375 914 1440 ob
939 1381 1082 1465 inopiam
1107 1385 1237 1446 navium
1261 1401 1285 1446 ra

330 1464 416 1526 dius.
448 1483 541 1546 quam
564 1475 676 1524 nactus
696 1482 804 1524 ansam
827 1462 946 1522 Caesar
965 1467 999 1526 C.
1016 1467 1199 1537 Asianum,
1223 1469 1289 1530 tribt

328 1567 404 1608 uum
426 1545 562 1606 militum
581 1545 722 1626 legionis
743 1543 920 1618 decimae,
937 1563 1009 1606 cum
1030 1547 1210 1631 ignominia
1233 1549 1288 1610 dim

329 1630 392 1701 sit,
426 1626 515 1711 quod
535 1647 648 1688 navem
667 1627 788 1688 familia
807 1647 863 1686 sua
880 1625 1098 1715 jumentisque
1117 1645 1150 1693 et
1167 1651 1289 1694 comino

328 1725 365 1774 tu
387 1722 623 1792 occupaverat,
654 1708 825 1768 immemor
847 1708 906 1770 sub
927 1729 967 1771 eo
994 1731 1030 1772 se
1052 1713 1251 1798 imperatore
1272 1715 1289 1776 st

328 1791 447 1876 pendia
462 1795 592 1864 t'aoere,
615 1789 690 1874 qui,
713 1790 847 1852 maxima
865 1791 960 1853 clalle
976 1793 1177 1856 Britanniam
1192 1809 1289 1881 'petet

327 1889 398 1936 tres
418 1886 539 1935 tantum
561 1891 676 1935 servos
696 1892 772 1934 suos
792 1872 1004 1954 imposuerat.
1047 1877 1170 1940 Eadem
1197 1895 1231 1942 et
1253 1881 1289 1942 ali

329 1955 520 2041 quibusdam
537 1955 715 2038 ignominia
733 1953 860 2027 addita,
890 1976 972 2038 quos
994 1955 1036 2018 ob
1058 1958 1257 2026 seditionem
1273 1985 1289 2044 n

217 2075 223 2086 ·
326 2039 487 2122 pisasque
505 2035 607 2100 lectas
625 2037 660 2098 in
674 2037 765 2099 ltalia
783 2036 865 2098 clam
882 2037 1007 2100 oderat.
1288 2051 1289 2058 ’

295 2167 298 2176 ’
387 2171 532 2234 xxv111.
558 2169 712 2233 luterelle
733 2169 877 2233 arbitror
893 2169 964 2255 ipsa
981 2171 1103 2236 referri
1118 2173 1220 2237 verba
1233 2197 1286 2260 prs

325 2253 502 2318 stantillimi
513 2253 555 2313 im
582 2253 734 2316 cratoris.
755 2251 911 2314 Tribunis
923 2255 1237 2342 centurionibusque
1249 2279 1283 2320 co

326 2337 450 2402 vocatis
474 2277 644 2410 omnibus,
676 2337 804 2397 Maxime
824 2335 939 2410 vellem,
970 2337 1095 2424 inquit,
1123 2339 1244 2400 bamiues
1259 2347 1288 2422 ja

324 2419 493 2504 petulantiae
510 2423 658 2498 nimiaeque
671 2417 809 2482 libertatis
825 2415 972 2500 aliquanda
981 2423 1066 2500 finem
1075 2419 1215 2504 siciffint,
1238 2443 1288 2482 inea

327 2521 379 2582 que
395 2499 538 2574 lectitatis,
561 2499 718 2577 modestiae,
739 2504 889 2582 patientiae
909 2507 1043 2564 rationem
1063 2501 1233 2583 babaiffent(
1260 2507 1288 2568 se

262 2631 267 2645 .
326 2584 454 2664 quoniam
473 2581 526 2664 ipsi
533 2581 587 2660 sibi
607 2601 691 2662 neque
707 2582 835 2658 madum,
864 2603 948 2664 neque
972 2589 1117 2645 terminum
1136 2587 1288 2666 corstituun

326 2685 378 2746 qua
398 2669 481 2722 ceteri
499 2662 666 2742 dissimiliter
675 2662 708 2748 se
720 2683 837 2748 gerasu,
857 2687 958 2748 egomet
974 2669 1029 2750 ipse
1045 2667 1236 2730 documentum
1253 2693 1288 2746 sitq

326 2743 447 2805 militari
468 2745 637 2824 constituam.
683 2747 718 2808 C.
738 2750 858 2820 Aniene,
881 2749 997 2828 quadiu
1011 2747 1097 2812 Italia
1113 2750 1216 2812 milites
1231 2771 1288 2836 popl

326 2826 445 2887 Romani
462 2847 558 2888 cotnra
577 2827 767 2911 rempublicam
787 2829 918 2912 instigasti
928 2873 937 2903 ,
960 2837 1123 2912 rapiturque
1138 2849 1191 2912 pet·
1210 2843 1288 2908 muni,

317 2913 373 2992 'pia
383 2909 494 2992 fectJli5
515 2911 640 2992 quodque
660 2911 725 2970 scribi
743 2915 834 2992 reique
850 2910 973 2992 publicae
991 2913 1099 2973 inutilis
1108 2915 1210 2996 Μῦς
1235 2921 1288 3008 etp

327 2991 461 3053 militibus
480 3012 555 3054 tuam
570 2991 709 3076 familiam
718 2993 898 3076 jumentaque
916 2997 946 3054 in
965 3016 1046 3056 scaves
1064 2995 1213 3078 imposuisti
1220 3023 1230 3072 ‚-
1263 3023 1273 3060 t

327 3092 476 3156 puerpera
494 3073 627 3137 militibus
647 3093 767 3158 tempore
784 3073 924 3154 rtecefflcria
941 3075 1091 3158 respublica
1110 3099 1204 3140 caret:
1231 3009 1288 3146 obl

327 3176 372 3216 res
399 3161 408 3212 i
427 3161 559 3218 staminiae
584 3155 672 3238 cauffo
695 3157 728 3218 ab
748 3153 871 3218 eset-tica
895 3177 950 3218 nuo
976 3179 1002 3220 te
1025 3179 1165 3224 remaneo:
1195 3164 1287 3250 hodieq

230 3239 233 3250 ’
327 3241 400 3299 exet
432 3241 473 3300 ica
490 3237 592 3320 abeffe,
616 3261 661 3314 et,
683 3257 814 3322 quantum
832 3240 937 3320 potest,
951 3237 1054 3324 'profici
1066 3247 1091 3303 ci
1099 3245 1197 3322 jubeo.
1237 3249 1287 3310 lter

326 3338 378 3400 que
396 3339 440 3393 tc,
463 3323 499 3382 Α.
516 3323 632 3396 Fontei,
655 3323 728 3404 quad
748 3319 878 3382 tribunus
898 3323 1016 3386 militum
1049 3325 1198 3410 editiostcs,
1222 3329 1287 3394 mals

331 3423 383 3486 que
400 3405 467 3464 civis
478 3403 580 3488 ficijli,
610 3401 643 3465 ab
660 3407 783 3467 exercitu
802 3404 923 3468 dimitto.
970 3407 1004 3468 T.
1055 3407 1143 3483 licite,
1173 3409 1226 3474 M.
1244 3409 1287 3472 Tit

334 3487 368 3549 C·
390 3483 531 3564 Clufissas,
562 3509 663 3570 quum,
693 3488 804 3548 ordinet
828 3489 858 3546 in
881 3508 937 3550 meo
954 3493 1076 3552 exercitu
1094 3489 1238 3570 bestefitia,
1269 3491 1287 3570 u

329 3575 455 3645 virtute,
484 3571 656 3655 conftquasi,
678 3575 718 3631 ita
739 3589 785 3630 uos
801 3568 955 3654 geffieritis,
977 3591 1009 3632 uc
1025 3593 1109 3660 saepae
1125 3571 1195 3636 bella
1214 3577 1287 3658 finti

327 3641 412 3734 licque
428 3670 491 3736 pace
508 3653 569 3714 bassi
587 3675 636 3714 aui
654 3653 736 3724 utiles
747 3653 885 3735 jiacritis,
918 3676 945 3716 et
965 3660 1048 3738 magis
1066 3662 1096 3718 in
1106 3655 1244 3738 seditione
1259 3679 1287 3720 aa

328 3737 433 3796 citandi
455 3735 556 3798 milites
578 3736 707 3820 adversus
729 3737 845 3814 vestrum
866 3741 1075 3822 imperatorem,
1105 3760 1185 3822 quam
1206 3743 1287 3822 pudor

328 3817 538 3903 modestiaeque,
553 3821 674 3904 fueritis
684 3815 877 3901 studiafiares,
907 3823 968 3883 indi
994 3843 1033 3882 tos
1051 3845 1098 3884 vas
1116 3820 1167 3902 effe
1184 3823 1287 3885 arbitra

328 3904 376 3986 qui
394 3905 423 3962 ist
440 3923 495 3963 mea
513 3907 636 3963 exercitu
652 3903 761 3964 ardims
774 3903 893 3978 ducatis,
915 3841 1054 3987 mifflsque
1062 3908 1152 3990 facio,
1173 3925 1211 3982 et,
1234 3899 1287 3990 qua

279 4056 285 4076 ι
330 3991 390 4048 lum
408 3985 511 4066 potest,
533 3983 617 4066 abcffe
634 4007 668 4047 ex
680 3985 779 4070 Africa
787 3985 884 4068 jubeo.
950 4031 952 4041 .

366 4214 576 4290 capuam
594 4216 701 4275 Athen.
719 4219 806 4288 6‚·so.
819 4216 971 4279 'Auctede
985 4219 1130 4280 mztfete.
1149 4295 1155 4302 .
