2658 4686
140 284 188 358 'su
208 287 356 360 uocuu
376 255 456 364 oso.
477 302 645 367 cxxxiv.
669 305 779 372 osus.
898 307 958 380 68³

23 499 96 556 lurae
108 503 316 564 institutionis
329 515 488 567 auctorem
503 514 659 572 exstitisse
672 519 787 575 norint.
824 519 916 596 Quod
929 524 959 578 si
988 515 1022 574 ll.
1038 524 1065 573 d.
1079 518 1131 588 7²³

23 577 219 654 puncturae
227 578 371 656 prauitas
390 579 424 634 in
440 579 625 654 quibusdam
642 583 837 644 educationis
851 609 957 646 curam
986 588 1065 646 Mi.
1078 605 1122 660 ¹9·
1148 627 1152 635 ι

23 647 114 707 ser1t3
138 637 186 718 lus
200 641 282 700 nibil
296 663 404 702 earum
419 667 541 716 rerum,
566 653 673 725 quibus
692 657 784 715 abuti
801 656 843 712 od
856 659 958 716 scelus

23 707 122 790 ossint,
138 713 360 770 committetur.
389 719 443 802 qui
460 733 581 776 verone
597 724 642 777 sic
679 723 781 778 uidem
796 728 957 799 quieverit,

23 793 149 856 grossam,
167 797 261 852 quam
274 779 440 853 disciplina
451 786 564 852 noluit,
581 741 735 863 supplicia
743 801 857 870 ponat.-
895 795 959 852 uod

23 852 72 926 stra
86 854 172 902 tuam
188 847 339 907 inuidiam
353 854 507 928 intrepido
517 858 683 930 irrogabis·
704 865 766 919 Nec
776 863 857 918 enim
867 813 959 922 drin-

23 931 68 982 ιρι,
88 919 121 994 ut
136 915 273 986 medica,
291 921 366 978 uitio
382 926 526 989 uertitur,
545 921 573 980 si
588 928 723 994 recidat,
743 929 893 1002 quidquid
911 935 958 990 iu·

23 979 132 1036 mobile
154 992 186 1040 et
204 1003 313 1060 corpus
337 995 483 1066 contagio
501 990 689 1062 inserturum
709 998 956 1071 deprehenderit.

23 1046 87 1104 llum
102 1053 206 1120 potius
222 1055 366 1114 onerabit
381 1063 518 1118 omniurn
531 1062 726 1138 indignatio,
752 1069 806 1139 qrsi
814 1105 823 1133 ,
847 1069 958 1126 simili-

23 1133 44 1170 rr
58 1125 144 1244 ⁰th
158 1125 254 1178 ceteri
268 1123 437 1194 educatus,
467 1137 592 1188 tantum
605 1143 636 1189 ct
652 1153 671 1190 a
689 1135 768 1190 bonu
783 1145 902 1206 mente,
927 1145 960 1195 ct

35 1204 76 1240 mo
99 1188 177 1244 estio
191 1200 365 1250 ceterorum
378 1194 552 1256 desciverit·
586 1201 649 1260 ded
666 1202 704 1260 de
718 1205 913 1266 senatoribus
927 1212 960 1264 et
1036 1241 1039 1251 ·

23 1255 146 1321 quietius
161 1255 321 1318 toranus,
349 1267 350 1270 ’

53 1339 159 1409 XLIX.
182 1347 229 1416 Ad
246 1349 363 1417 milites
377 1369 520 1420 munseo.-
544 1383 619 1440 quos
639 1365 699 1422 tibi
719 1372 866 1440 perpetuo
886 1369 959 1426 reti-
986 1361 1131 1450 nmium,

23 1427 103 1484 rudos
126 1439 189 1488 e's'se
209 1428 264 1484 sub
286 1429 386 1502 signis
408 1438 551 1500 autumo,
572 1453 626 1508 per
641 1439 816 1506 prouincias
833 1439 957 1494 aestivis
970 1464 1027 1520 pm·

23 1495 124 1553 ibernis
145 1517 181 1556 ue
197 1499 390 1564 constitutis,
411 1507 447 1554 ut
460 1499 607 1576 cujusque
625 1503 687 1560 loci
701 1507 837 1564 conditio
853 1506 955 1562 bortu-

23 1565 85 1618 itur.
147 1569 173 1624 is
193 1575 311 1622 certum
330 1567 554 1639 stipendiorum
572 1591 734 1630 numerum
753 1575 896 1642 definies,
920 1582 959 1629 ut

23 1633 40 1685 is
57 1633 159 1708 aliqua
173 1653 246 1708 pars
264 1637 379 1690 aetatis
395 1653 491 1692 uacsca
510 1637 616 1695 labore
633 1649 702 1714 post
719 1645 894 1699 missionem
908 1661 958 1698 su·

23 1703 94 1756 ersit.
128 1705 189 1760 Sed
204 1723 243 1760 ex
255 1704 348 1760 sociis
361 1705 457 1760 etiam
472 1725 509 1762 ac
522 1709 686 1776 prouinciis
698 1711 824 1768 assuilia
836 1711 956 1767 delecta

24 1772 101 1824 ostris
117 1771 293 1847 legionibus
314 1769 483 1846 adjunges,
508 1791 587 1846 qrsae
604 1785 717 1850 parata
735 1781 797 1835 sint
814 1779 856 1835 ad
891 1798 959 1836 uos·

23 1835 69 1892 bet
82 1858 163 1896 usus.¹
182 1843 259 1898 ·Nec
274 1842 355 1896 enim
369 1842 428 1898 ini
449 1859 482 1898 so
498 1842 651 1901 bellorum
667 1846 844 1903 discrimine
854 1797 957 1919 tlrcile

24 1905 78 1960 obis
96 1909 156 1966 erit
174 1907 300 1965 auxilia
318 1919 427 1966 contra
469 1930 520 1974 re,
547 1915 599 1984 qui
618 1923 650 1969 et
668 1917 843 1988 prouincias
865 1917 958 1989 longe

23 1973 154 2040 istontes,
172 1985 203 2034 et
217 1977 333 2034 uicinos
345 1977 450 2036 leostes
464 1979 652 2038 babeamus.-
669 1984 958 2055 nepue'consultum

23 2041 38 2092 it
49 2060 199 2102 armorum
215 2059 306 2102 usum
321 2049 464 2106 omnibus
498 2049 650 2106 romiscue
665 2051 842 2120 concedere,
884 2049 959 2109 ead

23 2107 269 2189 sditionesgutque
292 2116 441 2172 intestina
486 2117 551 2173 ella
574 2121 757 2176 obruantur.
784 2124 833 2177 sin
850 2073 957 2202 ditem

23 2183 356 2240 rmorumtroctatione
378 2185 475 2243 simul
497 2188 639 2244 omuibus
655 2189 873 2256 interdicitur,
901 2207 956 2244 sm·
980 2233 983 2242 .

23 2245 71 2370 lile
87 2253 177 2322 atque
189 2253 369 2326 imperitum
383 2253 496 2328 uulgus
511 2256 637 2314 auxilia
650 2257 875 2332 imperantibus
887 2258 957 2312 mit·

53 2401 86 2471 L·
112 2411 315 2487 Utilissimum
341 2422 443 2507 igitur
465 2423 525 2488 erit
548 2449 587 2488 ec
608 2426 693 2488 omni
711 2449 839 2488 nssmero
858 2426 959 2501 deligi
987 2445 1139 2518 mmm

23 2487 94 2548 obore
110 2500 246 2569 corporis
264 2499 403 2568 ualidos,
423 2496 621 2568 facseltotum
639 2499 760 2570 inopes.-
788 2509 880 2572 atquc
902 2495 958 2552 tros
971 2519 1137 2570 ,mnam
1236 2517 1241 2568 Ι

23 2564 125 2618 serceri
139 2567 172 2620 in
188 2569 296 2632 armis,
314 2570 443 2644 reliquis
459 2569 600 2625 omnibus
614 2567 750 2624 militiae
765 2569 957 2646 uacationem
970 2584 1054 2637 (καὶ,

24 2630 72 2682 tri·
105 2631 155 2688 Ita
175 2642 205 2688 et
224 2633 301 2693 belli
317 2645 349 2694 et
385 2641 450 2696 acis
466 2645 550 2694 artes
564 2637 677 2692 melius
692 2635 892 2699 excolentur,
911 2630 959 2686 dr·

23 2697 65 2751 isis
78 2700 156 2755 inter
173 2702 253 2760 ciues
270 2699 400 2777 officiis,
420 2715 467 2772 et,
486 2725 578 2780 quom
615 2707 721 2780 uisque
734 2705 882 2786 Spartam
901 2717 957 2754 na·

23 2765 175 2836 lusfuerit,
187 2773 386 2832 conduentes
402 2783 560 2832 ornaturo.
624 2774 674 2828 inc
689 2779 817 2832 eueniet,
836 2777 870 2851 ut
885 2786 958 2836 pars

25 2840 145 2894 ominum
180 2843 315 2906 eracior‚
343 2853 375 2901 et
397 2843 573 2899 latrociniis
593 2849 718 2914 propter
740 2837 908 2894 arrdacsam
927 2843 959 2891 et

23 2905 124 2974 tobiam
163 2907 268 2978 edita,
292 2912 373 2968 citra
394 2908 577 2984 cujusquam
599 2907 751 2984 injuriam
773 2906 898 2990 piatur:
926 2911 958 2960 et

23 2977 99 3029 eteris
116 2995 175 3032 non
190 2979 228 3034 ab
245 2977 294 3036 tris
308 2982 460 3038 securitas
476 2977 567 3034 modo
582 2979 637 3045 sit,
661 2977 715 3034 sed
735 2983 832 3034 etrum
852 2971 957 3030 aduer-

23 3057 46 3092 Μ
61 3055 198 3103 externos
215 3041 319 3106 bostes
335 3047 539 3125 praesidium.

55 3137 99 3200 1³1·
121 3154 188 3209 lam
203 3147 323 3227 pridem
336 3147 435 3212 tentio
450 3155 479 3210 le
492 3157 681 3224 exspectare,
698 3161 773 3222 arsos
787 3146 846 3206 sim
860 3154 958 3232 osten:
987 3149 1098 3204 Proseis

23 3229 79 3273 urus
91 3221 226 3282 reditus,
245 3223 432 3279 immanibus
449 3221 591 3293 expensis
607 3238 710 3290 pares,
746 3218 865 3276 Idcirco
880 3217 958 3272 melu
969 3221 1035 3272 unte
1049 3237 1113 3270 cour·

24 3286 191 3358 cassandum
216 3287 275 3346 lsoc
297 3291 365 3346 loco
389 3299 448 3358 est,
473 3288 595 3345 nullam
614 3287 806 3357 reipublicae
817 3285 1105 3359 sormampasaude.
1195 3301 1199 3314 ·

23 3371 93 3411 urere
107 3347 235 3432 peccunia
249 3375 347 3428 posse,
366 3361 440 3433 quin
454 3357 495 3413 ad
510 3357 626 3425 omnio,
645 3371 724 3442 quae
739 3354 863 3438 agendo
874 3359 957 3420 sunt,

24 3421 155 3482 isselnti
175 3428 275 3482 nereis
298 3435 476 3482 moueatur.-
500 3443 537 3481 ne
580 3427 752 3497 rincspotus
774 3440 865 3479 unius
880 3421 959 3488 Isaec

23 3505 56 3545 sse
69 3501 208 3566 putetur,
228 3503 286 3550 esst
300 3495 470 3567 praecipuo
487 3443 617 3549 inuidia.
662 3495 802 3574 Ceterum
819 3491 868 3576 liic
884 3507 958 3576 qrro·

24 3565 180 3633 reportem
196 3558 331 3633 fortuna
353 3564 409 3619 tuo
429 3560 579 3634 prouidit,
606 3569 723 3635 partim
736 3557 957 3644 providebitur

23 3624 151 3687 dustria.
193 3631 322 3689 Multae
339 3639 412 3687 sunt
428 3649 468 3686 cu
482 3629 623 3686 omnibus
638 3628 848 3694 superioribus
866 3625 959 3683 bellis

23 3701 186 3756 assessiones'
199 3699 359 3784 publicos,
374 3698 477 3777 cabis
488 3713 599 3772 sepone
612 3715 730 3771 paucas
741 3696 875 3754 maximi
884 3711 958 3752 usm

23 3771 127 3826 uiuras:
149 3777 268 3826 ceteras
291 3785 393 3824 uenere
409 3767 497 3840 pube.
523 3769 688 3837 peccuniam
712 3783 809 3838 oeqsso
825 3763 959 3837 foenore

23 3829 147 3908 sedebis,
166 3835 470 3910 quiceverepopulo
504 3843 638 3892 oterunt·
674 3835 870 3916 Sicetterra
926 3851 957 3886 a·

23 3903 67 3954 ster
81 3905 220 3972 exculta,
245 3903 380 3962 dominis
396 3923 471 3978 prae
495 3907 596 3960 iorum
611 3901 841 3975 praesentibus,
861 3919 880 3956 o
904 3917 956 3954 un·

24 3971 143 4031 entiores
155 3993 195 4036 ac
210 3991 359 4048 perennes
371 3974 564 4046 reipublicae
574 3971 703 4046 fructus
718 3969 854 4044 adseret:
874 3975 906 4024 et
917 3985 957 4023 eo
999 4039 1002 4052 Ι

23 4077 316 4101 Ἣ

33 4143 94 4218 Gap.
108 4149 154 4206 LI.
173 4153 242 4210 Tac.
257 4151 334 4210 ban·
349 4153 375 4223 b,
394 4170 435 4224 ¹7·
460 4117 550 4210 Dios
