2598 4692
203 277 214 374 ’,
256 273 261 290 ’
329 285 388 387 lp,
417 306 616 370 rnutnsu.
633 281 1271 390 sorruuusnoonouuuuxmn.

328 443 1048 474 .—........-...-..-.-...,....-..-..,

161 509 196 564 U·
211 509 309 600 ⁰:70⁰·
332 519 412 581 alios
434 511 659 601 repetentibus
678 499 847 599 privatim,
872 525 905 577 et
925 511 958 576 In
979 510 1146 600 pubiicum
1162 535 1228 593 eos,
1245 521 1281 605 qui

160 585 196 634 A·
207 581 241 634 (2-
255 593 298 646 tt·
332 600 591 685 proscriptorum
609 611 704 680 atque
721 596 867 658 exsulum
886 595 1028 660 suilient.

189 744 303 809 Itemque
392 730 464 793 xx.
494 725 619 792 Harum
637 745 746 792 rerum
766 723 886 809 iudicia
905 729 990 814 apud
1005 730 1178 793 AutonIum
1196 730 1282 814 ipsun,

144 811 266 864 Artemii.
332 827 386 876 out
404 815 560 896 collegam
580 811 650 890 ejus
663 811 874 882 Dolabellam,
896 811 1084 896 agebantur.
1110 809 1195 896 quod
1210 815 1233 874 si
1246 817 1284 898 qui

333 896 437 958 etalii
453 891 650 976 magistratus
665 891 858 970 judicabunt,
881 894 1015 968 Antonii
1029 894 1237 980 praepollebat
1247 917 1285 955 au.

333 977 487 1050 otoritas,
517 975 572 1059 qui
594 993 635 1035 ne
660 961 887 1036 translatitium
929 973 1038 1038 uidem
1054 976 1241 1038 adolescenti
1252 977 1287 1056 jus

334 1059 399 1120 ulla
422 1059 454 1119 in
477 1077 514 1118 re
538 1057 609 1118 siue
633 1057 784 1152 pactione
828 1059 896 1118 rari
923 1077 1005 1120 tmuo
1022 1057 1181 1119 mercedis
1195 1057 1231 1118 im
1265 1079 1287 1118 t·

334 1140 446 1202 tiebat.
476 1137 563 1234 Quin
583 1152 615 1200 et
635 1158 667 1198 m
688 1135 789 1200 soher
833 1157 869 1199 es
891 1137 960 1220 ojus
980 1139 1104 1202 similes
1121 1079 1287 1201 inteudb·

336 1235 390 1283 tur
407 1223 529 1294 minae,
553 1233 747 1302 senatusque
769 1219 950 1282 consultum
969 1221 1224 1306 proferentibus,
1243 1241 1287 1305 quo

336 1303 482 1365 Caesaris
501 1314 569 1364 acta
587 1315 655 1363 rata
671 1299 889 1376 habebantur,
912 1301 1083 1388 respondit
1098 1301 1288 1376 Antonius,ii

328 1387 413 1469 soille
435 1387 550 1466 tempori
568 1385 682 1456 dotum,
704 1401 736 1442 ut
752 1385 851 1466 populo
869 1383 1050 1445 tumultuanti
1061 1381 1214 1468 Jitrisjieret.
1240 1403 1288 1444 cot·

334 1487 397 1526 rum
417 1485 499 1548 oeque
517 1463 596 1525 reiut
607 1463 667 1546 suis
685 1483 778 1525 carere
795 1483 907 1544 aequum
924 1464 974 1548 effe
989 1484 1050 1540 sot,
1072 1469 1168 1549 quibus
1180 1465 1288 1548 odenptu

330 1565 383 1632 per
401 1549 533 1628 iujuriam
549 1540 650 1628 effert,
681 1565 709 1606 et
729 1561 842 1606 mortem
859 1549 949 1628 potius
963 1547 1095 1629 senatus,
1122 1567 1197 1630 quoto
1209 1549 1291 1616 ueriti

325 1629 446 1711 spectari
466 1646 602 1710 oportere.
645 1627 679 1690 St
700 1641 788 1688 tomen
805 1625 918 1688 iliorum
935 1633 1076 1712 portiones
1091 1631 1257 1700 relicturam,
1272 1619 1295 1708 ss.

327 1707 1293 1874 titii”ttitttttttt.¹'‘⁶'ttt.:5‘5tt.tl“titt}

327 1873 429 1956 igitur
448 1873 489 1958 Q.
508 1871 630 1934 Pedius
653 1885 686 1934 et
706 1874 743 1932 1..
762 1809 914 1934 Pidarlus
942 1887 1051 1958 partes
1081 1895 1153 1936 suas
1178 1891 1293 1956 recepe·

325 1969 402 2018 runt
419 1955 457 2017 ab
475 1953 671 2026 Octaviano,
695 1972 759 2037 quo
779 1953 912 2016 interim
930 1956 1079 2042 periculo
1098 1953 1293 2018 subduceren-

326 2043 398 2112 tur,
420 2059 494 2100 mox
513 2035 625 2098 usibus
649 2033 718 2115 ejus
738 2033 881 2098 libenter
901 2037 1074 2100 reddituri.

171 2169 299 2241 Quartus
387 2161 473 2224 xxt.
505 2158 629 2222 Horum
659 2155 785 2236 adjutus
809 2155 1056 2234 benevolentis,
1087 2159 1234 2224 tolerarit
1252 2159 1293 2220 in

139 2241 304 2322 unguento·
326 2261 458 2306 mensos
480 2255 626 2339 sumptus
649 2239 819 2314 ludorum,
855 2243 1002 2308 omnibus
1027 2264 1070 2306 ue
1092 2241 1282 2304 ocmaiouibu

139 2327 171 2361 '¹‘
194 2309 280 2361 Μ’
328 2325 488 2406 insignem
512 2323 610 2386 animi
633 2319 887 2404 magnitudinem
909 2265 1057 2388 otton-ds.
1099 2324 1203 2412 Quum
1228 2323 1294 2383 enin

139 2387 263 2449 ''Im''
351 2406 515 2480 sconiam,
545 2425 626 2490 quae
645 2403 851 2470 exaratione
870 2427 927 2470 sua
947 2403 1174 2490 redigebatur,
1196 2405 1294 2490 populo

327 2429 495 2560 dirisillet,
520 2502 553 2550 et
569 2485 676 2548 addici
694 2487 880 2568 petentibus
899 2507 954 2552 res
972 2510 1045 2552 suas
1061 2487 1194 2550 minimo
1208 2485 1294 2570 pretio

325 2568 472 2650 juberet,
495 2568 571 2652 quia
589 2583 624 2630 et
639 2586 786 2630 nummos
804 2565 973 2633 festinabat
989 2571 1165 2654 colligere,
1188 2583 1220 2630 et
1236 2587 1294 2650 pros,

325 2666 401 2748 pter
427 2665 545 2714 metum
574 2649 767 2729 judiciorum
798 2649 1019 2714 venditionem
1048 2649 1239 2714 maturabat:
1267 2649 1294 2726 et

327 2754 397 2829 ipsa
425 2752 479 2795 res
503 2732 534 2794 ei
560 2751 703 2815 magnam
729 2731 915 2796 consiliavit
935 2733 1099 2796 bominum
1120 2729 1294 2832 beneroienq

326 2827 419 2888 tuam,
442 2828 564 2878 sortem
581 2813 697 2898 optimi
711 2811 931 2878 adolescentis
947 2815 1035 2878 serio
1048 2813 1270 2877 miserantium.
1293 2841 1294 2850 κ

158 2959 195 3012 g,
206 2955 297 3022 Μ,
385 2933 485 2997 xxti.
516 2931 589 2997 Poll
615 2953 685 2998 uam
706 2949 812 2998 autem
835 2943 869 3000 et
893 2951 988 3025 surm
1006 2931 1249 3021 patrimonium,
1273 2953 1294 3024 o

139 3029 227 3102 pistis
249 3025 296 3080 ott.
348 3013 487 3102 uidquid
513 2954 642 3080 aliunde
667 3017 773 3080 Inerat
799 3033 897 3080 conse
922 3033 1038 3091 uutus,
1072 3018 1130 3082 sed
1153 3019 1294 3100 etmatrit

140 3099 239 3168 tulm-
327 3037 433 3163 dulae
453 3097 662 3184 Philippique
682 3095 791 3162 vitrici
809 3099 897 3186 polle
925 3120 1030 3174 sones,
1051 3115 1118 3164 tum
1136 3099 1294 3228 conuelluq

309 3179 391 3245 sibi
412 3203 429 3242 a
446 3177 551 3242 Pedio
572 3195 604 3244 et
619 3175 750 3244 Pinario
773 3179 981 3268 quadrantem
997 3183 1206 3246 Caesarianae
1220 3181 1287 3243 lert

327 3265 437 3326 ditatis
453 3283 570 3326 tenum
587 3263 774 3348 proposuit,
803 3264 847 3328 ita
868 3266 1047 3326 concitatus
1067 3261 1111 3326 ott
1132 3261 1236 3346 plebis
1256 3261 1293 3320 sd·

327 3345 452 3417 lectus,
476 3359 510 3408 ut
525 3343 666 3408 omnium
684 3363 742 3408 ore
758 3345 912 3428 patientia
928 3345 1022 3425 huius
1037 3360 1071 3408 et
1085 3345 1183 3410 animi
1193 3343 1293 3406 uacui<

327 3425 406 3490 tudo
418 3425 714 3505 concelebraretur,
730 3442 949 3524 negarentque
960 3427 1058 3511 vulgo
1068 3425 1228 3498 homiues,
1242 3391 1293 3486 diu

327 3509 393 3572 tius
413 3531 448 3572 se
468 3509 590 3572 laturos
610 3507 753 3573 consulis
771 3507 988 3578 insolentiam.

161 3641 235 3698 M·
245 3643 316 3698 Bm
390 3612 502 3676 xxttt.
527 3617 567 3677 Et
584 3629 674 3678 certe
692 3613 787 3676 liudis
804 3612 892 3697 vulgi
907 3613 1004 3688 ludis,
1027 3611 1083 3700 qui
1099 3611 1161 3680 sub
1175 3634 1230 3700 eps
1241 3611 1293 3690 diet

40 3689 48 3708 '
144 3715 168 3766 u
181 3717 315 3766 amtm·
329 3713 391 3781 pro
406 3699 508 3758 Bruto
528 3695 717 3768 edebantur,
739 3710 922 3782 patuerunt.
963 3701 1143 3782 Receptum
1163 3712 1229 3760 erat
1245 3697 1293 3774 mo]

144 3781 206 3835 dist.
330 3777 443 3852 ribus,
473 3791 507 3840 ut
523 3779 728 3862 Apollinares
751 3777 844 3842 ludos
869 3772 1009 3842 urbanus
1029 3795 1164 3864 praetor
1181 3779 1293 3924 lacereq

286 3905 291 3914 .
330 3855 415 3930 Sed,
446 3857 519 3944 quis
543 3861 745 3957 parentiores
766 3861 914 3922 Caesaris
936 3862 996 3922 tuti
1014 3861 1078 3924 ello
1096 3861 1129 3924 in
1149 3859 1228 3922 urbe
1248 3881 1293 3952 noE

328 3955 498 4026 poterant,
520 3961 624 4006 troam
642 3963 729 4004 auam
744 3945 863 4004 Brutus
883 3945 917 4006 C.
935 3944 1077 4006 Antonio
1096 3943 1238 4039 pollegao
1253 3955 1293 4004 sut

331 4061 661 4083 m
1292 4025 1293 4070 d

363 4127 435 4207 cap,
453 4129 511 4184 lix.
532 4127 653 4184 Sueten.
673 4127 745 4203 Aug.
758 4089 798 4188 so.
819 4125 948 4204 Appiae.
985 4129 1059 4207 Gap.
1074 4127 1179 4190 xxm.
1195 4081 1293 4190 linai

332 4208 373 4252 ss·
400 4197 463 4256 Cro.
481 4195 519 4254 atl
533 4189 593 4279 itt.
613 4200 654 4272 rt,
673 4217 715 4260 ao.
737 4215 777 4256 st.
797 4210 826 4258 et
844 4220 886 4262 aa.
