2688 4698
198 341 240 404 ur
261 339 413 404 uocuu
433 339 515 402 ura.
534 339 764 412 exuetur.
924 338 984 418 787

25 474 243 488 —Q—

57 544 146 622 XVI.
176 547 433 612 Pulcherrimum
454 567 494 610 eo
520 561 583 612 tem
610 568 667 609 ore
688 544 862 608 institutum
885 565 979 609 exeo·
1014 541 1049 596 U·
1065 557 1090 632 ξ·
1107 540 1169 606 til·

26 627 252 688 itaritCaesar
274 630 393 690 ambitu
414 570 632 712 reprimendo.
674 633 751 691 Nam
773 644 804 690 et
819 629 980 698 consules,
1010 615 1046 666 Λ·
1060 617 1093 665 ⁰·
1106 611 1132 664 ⁸·

25 718 232 770 testererunr
253 709 485 793 magistratuum
506 711 653 793 plerique
678 710 905 790 largitionibus
922 707 980 770 bo·
1012 708 1141 788 Amltzss

26 809 109 848 orem
131 793 334 872 consequuti.
350 793 546 853 serebantur.
590 793 691 873 lgitur
717 789 889 872 Augustus,
923 787 1165 852 necnl'lm'm·

26 870 104 929 uniri
113 871 233 956 ..cleros
250 873 337 934 viros
356 875 501 954 cupiens,
524 894 629 956 neque
650 873 810 933 convictis
827 872 995 940 sustinens,

28 971 148 1022 arcere,
171 965 236 1012 tota
255 973 290 1012 re
308 954 515 1025 dilliurulata,
537 956 569 1014 in
592 953 751 1037 posterum
770 974 786 1012 a
807 953 983 1014 candidatis

25 1047 116 1091 artam
133 1035 302 1114 pecuniam
321 1035 467 1117 pignoris
484 1037 557 1096 loco
572 1033 776 1116 depoposcit,
801 1055 905 1116 quam,
928 1035 984 1118 qui

25 1115 206 1194 rrgitionurn
238 1113 392 1176 factarum
422 1117 499 1177 silet
524 1115 774 1186 condemnatus,
812 1117 984 1176 amitteret.

25 1196 71 1253 loc
96 1196 247 1256 universi
271 1198 367 1258 multa
396 1197 489 1258 laude
514 1199 668 1258 tulerunt.
718 1199 789 1257 Non
814 1197 899 1256 idem
923 1207 991 1256 oin-

25 1276 88 1334 ium
114 1297 230 1336 sensus
256 1279 290 1338 in
313 1297 354 1340 eo
386 1278 466 1350 luit,
497 1279 582 1360 quod
613 1293 705 1338 vetus
731 1279 993 1338 senatusconsul-

25 1377 83 1426 um,
107 1357 231 1439 quode
251 1380 348 1420 scrro
365 1360 397 1418 in
416 1375 510 1442 caput
531 1359 652 1420 domini
672 1361 784 1440 quaeri
811 1360 990 1430 vetabatur,
1093 1355 1099 1366 '

29 1439 183 1520 xoogitata
199 1439 314 1502 fraude
332 1441 610 1524 circumscripsit;
644 1442 671 1502 si
688 1440 885 1522 erepublica
900 1441 993 1501 vide·

25 1535 110 1590 ‘etum
141 1523 244 1580 actori
266 1523 395 1604 publico
415 1537 467 1582 aut
493 1524 641 1582 Caesaris
664 1521 840 1604 mancipari
863 1521 991 1598 jubens.

25 1601 147 1662 localii
168 1602 374 1664 calliditatem
396 1603 619 1686 adpellabant.
651 1603 871 1686 quac,‘legum
892 1603 993 1666 rerba

25 1682 245 1756 alumniando‚
275 1682 324 1762 jus
343 1685 545 1745 dominorum
565 1685 673 1766 iniqua
693 1698 724 1744 et
746 1683 873 1745 crudeli
894 1685 993 1744 simu·

25 1763 119 1824 atione
132 1765 274 1826 tolleret.
300 1765 530 1848 prudentiores
551 1767 767 1828 neccllitatem
786 1765 992 1836 excusabant,

25 1865 61 1904 rec
81 1845 242 1908 aliter-iri
260 1847 386 1908 obviam
408 1847 537 1907 insidiis
559 1847 715 1930 porcille.
750 1869 829 1930 quas
849 1848 883 1906 in
903 1847 994 1906 illum
1006 1847 1022 1896 'i

28 1943 94 2008 tque
112 1923 311 2008 magistratus
328 1928 419 1988 multi
441 1927 500 1989 bac
521 1929 591 2008 ipsa
611 1927 817 1988 celenderum
837 1927 995 1988 oonsilio-

27 2029 73 2066 um
93 2005 210 2069 fiducie
231 2010 436 2093 frequentius
459 2009 674 2092 cupidineque
695 2010 912 2071 intentallent.

63 2115 164 2176 xvll.
189 2115 277 2175 lnter
291 2111 381 2186 haec,
404 2135 499 2196 quum
519 2113 708 2175 decennium
726 2127 910 2196 resumptae
930 2133 989 2196 po·
1066 2157 1086 2172 .

25 2195 117 2256 lremo
142 2196 332 2257 tribunitiae
361 2195 526 2278 potestatis
552 2197 686 2265 millet,
719 2197 892 2278 Imperium
921 2199 990 2256 Au-

25 2275 107 2354 ;ullus
128 2277 170 2338 de
196 2297 296 2340 onere
317 2276 416 2345 dixit,
440 2277 517 2338 satis
541 2291 649 2338 certus
666 2277 828 2348 l'uturum,
852 2290 886 2338 ut
902 2277 989 2338 reci-

26 2379 82 2419 ·ere
102 2301 203 2428 illud,
227 2359 312 2419 nulla
333 2359 524 2442 interposita
546 2377 652 2427 mora,
682 2371 865 2442 cogeretur.
908 2363 989 2421 Nam

26 2453 40 2499 t
54 2441 159 2501 omnis
176 2439 370 2501 firmamenta
391 2439 590 2524 reipublicae
611 2440 657 2500 sie
673 2439 811 2500 habebat
829 2439 860 2500 in
880 2459 986 2514 manu,

26 2535 42 2580 tt
54 2539 187 2604 prorsus
206 2541 270 2583 non
286 2523 410 2604 pollent
425 2519 632 2604 extorqueri:
656 2535 689 2582 et
704 2523 748 2581 lm
775 2522 845 2581 orio
863 2521 905 2582 ita
927 2543 988 2604 per

30 2603 259 2686 liquammultos
282 2623 382 2663 annos
405 2601 611 2685 praefuerat,
646 2615 680 2662 ut
707 2544 837 2684 publice
859 2603 985 2684 gloria,

27 2686 155 2748 niratica
191 2685 354 2768 opulentia
388 2683 529 2780 populus
562 2685 723 2744 Romanus
756 2685 983 2744 cumularetur.

27 2779 204 2848 tegumento
224 2765 424 2826 sithominis
443 2765 587 2826 libertini
606 2759 841 2834 testamentum,
865 2763 981 2825 sactum
1007 2770 1172 2828 Homtetsil.

27 2849 126 2908 iisdem
148 2847 354 2918 consulibus,
388 2859 460 2908 ante
485 2843 569 2906 diem
593 2859 714 2906 sertum
735 2843 893 2906 Ilalendos
918 2845 980 2906 Fc-
995 2842 1095 2922 51'13'oi
1109 2861 1171 2916 ψ·

27 2931 159 3002 ruariss,
180 2949 244 3012 quo
260 2929 294 2988 C.
311 2929 469 3011 Caecilius
488 2925 638 2988 Claudius
656 2926 800 2988 Isidorus
821 2927 980 3008 pratellus
994 2911 1090 2963 ‘'m'‘

32 3007 58 3079 sl.
80 3023 220 3090 quemuis
238 3015 336 3076 multe
355 3019 437 3076 ciuili
454 3016 532 3074 bello
547 3015 747 3086 perdidisset,
773 3024 875 3072 temen
893 3015 984 3072 relin-
1032 3055 1039 3068 .

29 3111 94 3148 uere
117 3111 271 3150 seruorum
297 3103 425 3166 quatuor
448 3091 548 3148 millio
573 3102 692 3148 eentum
718 3089 871 3150 sedecim.
899 3087 981 3164 jugo

30 3179 91 3216 cum
109 3163 173 3218 trie
193 3159 294 3216 millia
308 3169 467 3224 sexcenta,
492 3159 600 3231 reliqui
615 3162 732 3230 preceris
750 3159 876 3218 docento
896 3163 983 3234 quin·

28 3233 154 3311 trogium
169 3237 286 3303 sepiem
303 3229 402 3288 millia
411 3255 422 3301 ‚-
444 3232 476 3286 iu
494 3237 657 3284 nrrmeruto
674 3231 846 3284 sestertium
861 3247 983 3285 seneen·

29 3317 70 3354 res.

66 3391 176 3456 xvtll.
207 3391 251 3452 lta
274 3392 407 3464 Caesar,
430 3387 582 3478 potestate
600 3403 782 3473 resumpta,
814 3385 983 3450 Tiberium
1022 3459 1035 3477 Ι

29 3469 182 3534 dhellum
204 3475 428 3536 Germanicum
450 3475 554 3536 misit:
586 3475 640 3535 ubi
664 3474 793 3534 interim
813 3473 850 3532 L.
870 3473 983 3536 Domi·
1018 3517 1031 3556 0

29 3555 86 3624 ius,
110 3575 181 3615 cum
202 3555 282 3616 irato
302 3574 437 3637 propter
457 3557 621 3617 interitum
643 3555 740 3614 llrusi
763 3553 906 3615 exercitu
925 3552 982 3614 do·

30 3655 104 3696 trem
130 3635 215 3696 hunc
238 3637 379 3697 cladibus
397 3637 530 3700 lrollium
551 3639 694 3706 ulturus,
727 3637 833 3697 Albim
856 3637 979 3718 primus

30 3721 217 3778 'romanorum
242 3731 358 3778 armata
384 3739 476 3782 manu
500 3718 751 3780 transcenderat.
794 3718 843 3778 Ab
866 3715 981 3780 codem

30 3813 171 3876 egeratur
191 3798 364 3860 secundum
390 3803 541 3864 Amisiam
565 3815 683 3862 trames
707 3797 749 3860 eil
772 3797 870 3860 vallas
894 3799 982 3860 inter

31 3881 155 3943 alodes:
186 3897 294 3954 pontes
320 3883 409 3961 lengi
437 3883 599 3967 adpellati.
652 3882 704 3944 Ob
735 3879 814 3942 baec
845 3893 878 3942 et
907 3881 980 3941 talia

31 4004 336 4026 Ἢ

39 4051 108 4136 βαρ.
124 4053 201 4108 XVI.
220 4057 290 4110 Tae.
308 4057 381 4109 Anu.
398 4075 422 4116 s,
434 4057 477 4138 30:
493 4065 520 4110 ct
539 4053 580 4110 ibi
596 4053 676 4131 L'ps.
693 4053 761 4108 Dio.
798 4055 870 4126 Cap.
887 4052 979 4138 xvn.

31 4118 74 4171 lto·
92 4123 133 4186 di,
152 4141 192 4178 io.
229 4125 301 4197 Cap.
318 4125 422 4182 xvln.
444 4129 511 4183 Dio.
524 4125 599 4184 Vell.
615 4147 642 4194 a,
657 4144 701 4197 97·
719 4127 789 4188 Tac,
805 4124 880 4181 aen.
892 4132 918 4190 t,
934 4129 979 4193 qq.

35 4191 267 4263 alannae.
605 4248 608 4259 ,

627 4263 791 4336 Ddde
