<?xml version="1.0" encoding="UTF-8"?>
<!DOCTYPE html PUBLIC "-//W3C//DTD XHTML 1.0 Transitional//EN"
    "http://www.w3.org/TR/xhtml1/DTD/xhtml1-transitional.dtd">
<html xmlns="http://www.w3.org/1999/xhtml" xml:lang="en" lang="en">
 <head>
  <title>
</title>
<meta http-equiv="Content-Type" content="text/html;charset=utf-8" />
  <meta name='ocr-system' content='tesseract 3.04.00' />
  <meta name='ocr-capabilities' content='ocr_page ocr_carea ocr_par ocr_line ocrx_word'/>
</head>
<body>
  <div class='ocr_page' id='page_1' title='image "./tliviipatavinih02drakgoog_0372.png"; bbox 0 0 2610 4696; ppageno 0'>
   <div class='ocr_carea' id='block_1_1' title="bbox 220 316 1097 430">
    <p class='ocr_par' dir='ltr' id='par_1_1' title="bbox 220 316 1097 430">
     <span class='ocr_line' id='line_1_1' title="bbox 220 316 1097 430; baseline -0.006 -16"><span class='ocrx_word' id='word_1_1' title='bbox 220 353 267 416; x_wconf 86' lang='lat' dir='ltr'>nv</span> <span class='ocrx_word' id='word_1_2' title='bbox 289 348 442 414; x_wconf 74' lang='lat' dir='ltr'>rocon</span> <span class='ocrx_word' id='word_1_3' title='bbox 461 351 545 414; x_wconf 83' lang='lat' dir='ltr'>um.</span> <span class='ocrx_word' id='word_1_4' title='bbox 568 351 667 415; x_wconf 84' lang='lat' dir='ltr'>cxx.</span> <span class='ocrx_word' id='word_1_5' title='bbox 690 349 807 417; x_wconf 86' lang='lat' dir='ltr'>nrvn.</span> <span class='ocrx_word' id='word_1_6' title='bbox 964 349 1022 430; x_wconf 68' lang='lat'>⁸71</span> <span class='ocrx_word' id='word_1_7' title='bbox 1094 316 1097 327; x_wconf 83' lang='grc'><strong>’</strong></span> 
     </span>
    </p>
   </div>
   <div class='ocr_carea' id='block_1_2' title="bbox 561 485 1019 505">
    <p class='ocr_par' dir='ltr' id='par_1_2' title="bbox 561 485 1019 505">
     <span class='ocr_line' id='line_1_2' title="bbox 561 485 1019 505; baseline 0.004 -3"><span class='ocrx_word' id='word_1_8' title='bbox 561 485 1019 505; x_wconf 58' lang='lat' dir='ltr'>m-</span> 
     </span>
    </p>
   </div>
   <div class='ocr_carea' id='block_1_3' title="bbox 24 553 1199 1362">
    <p class='ocr_par' dir='ltr' id='par_1_3' title="bbox 25 553 1199 813">
     <span class='ocr_line' id='line_1_3' title="bbox 27 553 1199 648; baseline 0.003 -26"><span class='ocrx_word' id='word_1_9' title='bbox 27 574 165 622; x_wconf 90' lang='lat' dir='ltr'>tuerunt.</span> <span class='ocrx_word' id='word_1_10' title='bbox 211 561 360 648; x_wconf 84' lang='lat' dir='ltr'>Quorum</span> <span class='ocrx_word' id='word_1_11' title='bbox 387 564 518 626; x_wconf 77' lang='lat' dir='ltr'>Marcus</span> <span class='ocrx_word' id='word_1_12' title='bbox 547 556 695 646; x_wconf 87' lang='lat' dir='ltr'>quidam,</span> <span class='ocrx_word' id='word_1_13' title='bbox 733 558 801 624; x_wconf 88' lang='lat' dir='ltr'>suis</span> <span class='ocrx_word' id='word_1_14' title='bbox 829 553 863 622; x_wconf 93' lang='lat' dir='ltr'>in</span> <span class='ocrx_word' id='word_1_15' title='bbox 891 561 1025 623; x_wconf 79' lang='lat' dir='ltr'>aedibus</span> <span class='ocrx_word' id='word_1_16' title='bbox 1057 567 1199 648; x_wconf 75' lang='lat' dir='ltr'>U.o.709.</span> 
     </span>
     <span class='ocr_line' id='line_1_4' title="bbox 26 643 1193 738; baseline 0.001 -35"><span class='ocrx_word' id='word_1_17' title='bbox 26 644 81 704; x_wconf 84' lang='lat' dir='ltr'>lide</span> <span class='ocrx_word' id='word_1_18' title='bbox 104 663 284 708; x_wconf 82' lang='lat' dir='ltr'>servorum</span> <span class='ocrx_word' id='word_1_19' title='bbox 304 647 501 716; x_wconf 80' lang='lat' dir='ltr'>occultatus,</span> <span class='ocrx_word' id='word_1_20' title='bbox 535 643 630 718; x_wconf 91' lang='lat' dir='ltr'>inde,</span> <span class='ocrx_word' id='word_1_21' title='bbox 653 664 732 738; x_wconf 87' lang='lat' dir='ltr'>pace</span> <span class='ocrx_word' id='word_1_22' title='bbox 751 643 913 717; x_wconf 80' lang='lat' dir='ltr'>restituta,</span> <span class='ocrx_word' id='word_1_23' title='bbox 937 647 1025 706; x_wconf 84' lang='lat' dir='ltr'>volut</span> <span class='ocrx_word' id='word_1_24' title='bbox 1055 643 1193 713; x_wconf 54' lang='lat' dir='ltr'>Auertite</span> 
     </span>
     <span class='ocr_line' id='line_1_5' title="bbox 25 725 1025 813; baseline -0.001 -27"><span class='ocrx_word' id='word_1_25' title='bbox 25 729 56 786; x_wconf 86' lang='lat' dir='ltr'>ab</span> <span class='ocrx_word' id='word_1_26' title='bbox 80 726 187 786; x_wconf 79' lang='lat' dir='ltr'>exilio</span> <span class='ocrx_word' id='word_1_27' title='bbox 206 727 241 787; x_wconf 88' lang='lat' dir='ltr'>in</span> <span class='ocrx_word' id='word_1_28' title='bbox 259 729 424 813; x_wconf 84' lang='lat' dir='ltr'>publicum</span> <span class='ocrx_word' id='word_1_29' title='bbox 445 725 582 810; x_wconf 79' lang='lat' dir='ltr'>prodiit.</span> <span class='ocrx_word' id='word_1_30' title='bbox 626 727 741 788; x_wconf 75' lang='lat' dir='ltr'>Sittius</span> <span class='ocrx_word' id='word_1_31' title='bbox 765 727 860 787; x_wconf 84' lang='lat' dir='ltr'>etiam</span> <span class='ocrx_word' id='word_1_32' title='bbox 887 727 1025 787; x_wconf 85' lang='lat' dir='ltr'>munici-</span> 
     </span>
    </p>

    <p class='ocr_par' dir='ltr' id='par_1_4' title="bbox 24 807 1140 976">
     <span class='ocr_line' id='line_1_6' title="bbox 24 807 1140 892; baseline 0 -25"><span class='ocrx_word' id='word_1_33' title='bbox 24 829 92 892; x_wconf 88' lang='lat' dir='ltr'>pum</span> <span class='ocrx_word' id='word_1_34' title='bbox 124 827 263 870; x_wconf 83' lang='lat' dir='ltr'>auorum</span> <span class='ocrx_word' id='word_1_35' title='bbox 291 807 521 872; x_wconf 81' lang='lat' dir='ltr'>benevolentia</span> <span class='ocrx_word' id='word_1_36' title='bbox 546 807 639 868; x_wconf 85' lang='lat' dir='ltr'>Cales</span> <span class='ocrx_word' id='word_1_37' title='bbox 667 807 873 892; x_wconf 86' lang='lat' dir='ltr'>proexsilio</span> <span class='ocrx_word' id='word_1_38' title='bbox 899 807 1027 870; x_wconf 79' lang='lat' dir='ltr'>babuitt</span> <span class='ocrx_word' id='word_1_39' title='bbox 1136 845 1140 854; x_wconf 90' lang='lat'>·</span> 
     </span>
     <span class='ocr_line' id='line_1_7' title="bbox 25 887 1028 976; baseline 0 -26"><span class='ocrx_word' id='word_1_40' title='bbox 25 894 169 976; x_wconf 78' lang='lat' dir='ltr'>primus,</span> <span class='ocrx_word' id='word_1_41' title='bbox 201 905 235 953; x_wconf 86' lang='lat' dir='ltr'>et</span> <span class='ocrx_word' id='word_1_42' title='bbox 255 891 342 955; x_wconf 82' lang='lat' dir='ltr'>sorte</span> <span class='ocrx_word' id='word_1_43' title='bbox 363 891 451 954; x_wconf 86' lang='lat' dir='ltr'>solus</span> <span class='ocrx_word' id='word_1_44' title='bbox 474 890 514 951; x_wconf 89' lang='lat' dir='ltr'>ad</span> <span class='ocrx_word' id='word_1_45' title='bbox 535 909 571 952; x_wconf 83' lang='lat' dir='ltr'>ee</span> <span class='ocrx_word' id='word_1_46' title='bbox 594 901 656 950; x_wconf 87' lang='lat' dir='ltr'>tem</span> <span class='ocrx_word' id='word_1_47' title='bbox 682 909 759 964; x_wconf 86' lang='lat' dir='ltr'>ora,</span> <span class='ocrx_word' id='word_1_48' title='bbox 789 887 956 952; x_wconf 89' lang='lat' dir='ltr'>hominum</span> <span class='ocrx_word' id='word_1_49' title='bbox 974 909 1028 950; x_wconf 78' lang='lat' dir='ltr'>rc·</span> 
     </span>
    </p>

    <p class='ocr_par' dir='ltr' id='par_1_5' title="bbox 24 967 1028 1138">
     <span class='ocr_line' id='line_1_8' title="bbox 25 967 1028 1056; baseline -0.001 -23"><span class='ocrx_word' id='word_1_50' title='bbox 25 977 146 1055; x_wconf 78' lang='lat' dir='ltr'>legatus</span> <span class='ocrx_word' id='word_1_51' title='bbox 165 973 201 1032; x_wconf 90' lang='lat' dir='ltr'>in</span> <span class='ocrx_word' id='word_1_52' title='bbox 218 975 365 1056; x_wconf 86' lang='lat' dir='ltr'>patriam.</span> <span class='ocrx_word' id='word_1_53' title='bbox 408 979 487 1036; x_wconf 85' lang='lat' dir='ltr'>Nam</span> <span class='ocrx_word' id='word_1_54' title='bbox 502 967 551 1033; x_wconf 88' lang='lat' dir='ltr'>illi</span> <span class='ocrx_word' id='word_1_55' title='bbox 568 993 645 1056; x_wconf 88' lang='lat' dir='ltr'>prae</span> <span class='ocrx_word' id='word_1_56' title='bbox 670 972 782 1036; x_wconf 85' lang='lat' dir='ltr'>ivltem</span> <span class='ocrx_word' id='word_1_57' title='bbox 799 971 903 1032; x_wconf 81' lang='lat' dir='ltr'>virum</span> <span class='ocrx_word' id='word_1_58' title='bbox 920 987 952 1033; x_wconf 87' lang='lat' dir='ltr'>et</span> <span class='ocrx_word' id='word_1_59' title='bbox 967 989 1028 1056; x_wconf 88' lang='lat' dir='ltr'>pro</span> 
     </span>
     <span class='ocr_line' id='line_1_9' title="bbox 24 1051 1028 1138; baseline -0.005 -22"><span class='ocrx_word' id='word_1_60' title='bbox 24 1055 194 1138; x_wconf 82' lang='lat' dir='ltr'>aopia‘aua</span> <span class='ocrx_word' id='word_1_61' title='bbox 213 1055 401 1118; x_wconf 82' lang='lat' dir='ltr'>munificum</span> <span class='ocrx_word' id='word_1_62' title='bbox 419 1053 662 1118; x_wconf 83' lang='lat' dir='ltr'>custodiverunt</span> <span class='ocrx_word' id='word_1_63' title='bbox 681 1051 810 1126; x_wconf 74' lang='lat' dir='ltr'>armati,</span> <span class='ocrx_word' id='word_1_64' title='bbox 842 1053 948 1116; x_wconf 83' lang='lat' dir='ltr'>servis</span> <span class='ocrx_word' id='word_1_65' title='bbox 968 1051 1028 1112; x_wconf 88' lang='lat' dir='ltr'>rni-</span> 
     </span>
    </p>

    <p class='ocr_par' dir='ltr' id='par_1_6' title="bbox 24 1129 1184 1362">
     <span class='ocr_line' id='line_1_10' title="bbox 24 1129 1080 1220; baseline 0 -24"><span class='ocrx_word' id='word_1_66' title='bbox 24 1136 147 1207; x_wconf 82' lang='lat' dir='ltr'>nando‚</span> <span class='ocrx_word' id='word_1_67' title='bbox 189 1137 395 1220; x_wconf 87' lang='lat' dir='ltr'>probibendo</span> <span class='ocrx_word' id='word_1_68' title='bbox 425 1138 569 1220; x_wconf 80' lang='lat' dir='ltr'>ingrellu</span> <span class='ocrx_word' id='word_1_69' title='bbox 595 1155 637 1219; x_wconf 89' lang='lat' dir='ltr'>op</span> <span class='ocrx_word' id='word_1_70' title='bbox 663 1136 710 1198; x_wconf 88' lang='lat' dir='ltr'>idi</span> <span class='ocrx_word' id='word_1_71' title='bbox 736 1137 874 1209; x_wconf 84' lang='lat' dir='ltr'>milites,</span> <span class='ocrx_word' id='word_1_72' title='bbox 904 1136 1025 1207; x_wconf 77' lang='lat' dir='ltr'>donec,</span> <span class='ocrx_word' id='word_1_73' title='bbox 1077 1129 1080 1142; x_wconf 88' lang='lat'>&#39;</span> 
     </span>
     <span class='ocr_line' id='line_1_11' title="bbox 25 1159 1184 1304; baseline 0.002 -25"><span class='ocrx_word' id='word_1_74' title='bbox 25 1217 138 1301; x_wconf 76' lang='lat' dir='ltr'>legatis</span> <span class='ocrx_word' id='word_1_75' title='bbox 168 1219 209 1280; x_wconf 89' lang='lat' dir='ltr'>ad</span> <span class='ocrx_word' id='word_1_76' title='bbox 233 1221 393 1283; x_wconf 74' lang='lat' dir='ltr'>tresviros</span> <span class='ocrx_word' id='word_1_77' title='bbox 417 1221 536 1294; x_wconf 82' lang='lat' dir='ltr'>millis,</span> <span class='ocrx_word' id='word_1_78' title='bbox 569 1159 660 1304; x_wconf 64' lang='lat' dir='ltr'>quoi</span> <span class='ocrx_word' id='word_1_79' title='bbox 681 1218 842 1293; x_wconf 82' lang='lat' dir='ltr'>diximus,</span> <span class='ocrx_word' id='word_1_80' title='bbox 873 1219 1026 1304; x_wconf 80' lang='lat' dir='ltr'>impetra·</span> <span class='ocrx_word' id='word_1_81' title='bbox 1180 1205 1184 1231; x_wconf 75' lang='lat'>¹</span> 
     </span>
     <span class='ocr_line' id='line_1_12' title="bbox 26 1315 107 1362; baseline 0.025 -2"><span class='ocrx_word' id='word_1_82' title='bbox 26 1315 107 1362; x_wconf 66' lang='lat' dir='ltr'>rente</span> 
     </span>
    </p>
   </div>
   <div class='ocr_carea' id='block_1_4' title="bbox 27 1355 1215 2070">
    <p class='ocr_par' dir='ltr' id='par_1_7' title="bbox 27 1355 1215 2070">
     <span class='ocr_line' id='line_1_13' title="bbox 66 1355 1215 1508; baseline -0.003 -39"><span class='ocrx_word' id='word_1_83' title='bbox 66 1409 202 1504; x_wconf 29' lang='lat' dir='ltr'>,xctx</span> <span class='ocrx_word' id='word_1_84' title='bbox 231 1403 347 1505; x_wconf 38' lang='lat' dir='ltr'>&#39;Alium</span> <span class='ocrx_word' id='word_1_85' title='bbox 363 1415 479 1506; x_wconf 35' lang='lat' dir='ltr'>,metuo</span> <span class='ocrx_word' id='word_1_86' title='bbox 499 1403 613 1492; x_wconf 76' lang='lat' dir='ltr'>&#39;autigit</span> <span class='ocrx_word' id='word_1_87' title='bbox 635 1401 676 1470; x_wconf 83' lang='lat' dir='ltr'>ati</span> <span class='ocrx_word' id='word_1_88' title='bbox 697 1387 829 1472; x_wconf 79' lang='lat' dir='ltr'>felicem</span> <span class='ocrx_word' id='word_1_89' title='bbox 851 1399 1025 1508; x_wconf 71' lang='lat' dir='ltr'>attdaciunn</span> <span class='ocrx_word' id='word_1_90' title='bbox 1058 1355 1215 1478; x_wconf 66' lang='lat' dir='ltr'>Attvsma&#39;</span> 
     </span>
     <span class='ocr_line' id='line_1_14' title="bbox 27 1483 1201 1636; baseline 0.003 -2"><span class='ocrx_word' id='word_1_91' title='bbox 27 1489 1027 1636; x_wconf 68' lang='lat' dir='ltr'>tatattlttttrttutn„ttlrttttt,tut</span> <span class='ocrx_word' id='word_1_92' title='bbox 1040 1483 1201 1604; x_wconf 49' lang='lat' dir='ltr'>:blm</span> 
     </span>
     <span class='ocr_line' id='line_1_15' title="bbox 28 1595 1032 1741; baseline 0.006 -27"><span class='ocrx_word' id='word_1_93' title='bbox 28 1599 95 1716; x_wconf 54' lang='lat' dir='ltr'>tim</span> <span class='ocrx_word' id='word_1_94' title='bbox 115 1595 353 1716; x_wconf 47' lang='lat' dir='ltr'>bzbitationeiit</span> <span class='ocrx_word' id='word_1_95' title='bbox 370 1611 578 1739; x_wconf 74' lang='lat' dir='ltr'>immigravit.</span> <span class='ocrx_word' id='word_1_96' title='bbox 600 1595 831 1741; x_wconf 67' lang='lat' dir='ltr'>ueindaqquia</span> <span class='ocrx_word' id='word_1_97' title='bbox 850 1659 944 1719; x_wconf 87' lang='lat' dir='ltr'>miles</span> <span class='ocrx_word' id='word_1_98' title='bbox 959 1659 1032 1740; x_wconf 87' lang='lat' dir='ltr'>qui·</span> 
     </span>
     <span class='ocr_line' id='line_1_16' title="bbox 30 1736 1031 1881; baseline 0.004 -83"><span class='ocrx_word' id='word_1_99' title='bbox 30 1737 97 1798; x_wconf 84' lang='lat' dir='ltr'>dam</span> <span class='ocrx_word' id='word_1_100' title='bbox 117 1736 207 1834; x_wconf 54' lang='lat' dir='ltr'>juata</span> <span class='ocrx_word' id='word_1_101' title='bbox 226 1736 430 1834; x_wconf 72' lang='lat' dir='ltr'>divertebat,</span> <span class='ocrx_word' id='word_1_102' title='bbox 451 1737 636 1881; x_wconf 70' lang='lat' dir='ltr'>periculum</span> <span class='ocrx_word' id='word_1_103' title='bbox 656 1739 793 1811; x_wconf 71' lang='lat' dir='ltr'>timens,</span> <span class='ocrx_word' id='word_1_104' title='bbox 818 1739 924 1836; x_wconf 75' lang='lat' dir='ltr'>capite</span> <span class='ocrx_word' id='word_1_105' title='bbox 944 1755 1031 1836; x_wconf 70' lang='lat' dir='ltr'>rpso,</span> 
     </span>
     <span class='ocr_line' id='line_1_17' title="bbox 29 1817 1116 1906; baseline 0.002 -26"><span class='ocrx_word' id='word_1_106' title='bbox 29 1819 116 1902; x_wconf 86' lang='lat' dir='ltr'>quod</span> <span class='ocrx_word' id='word_1_107' title='bbox 135 1817 304 1880; x_wconf 85' lang='lat' dir='ltr'>ltberttuts</span> <span class='ocrx_word' id='word_1_108' title='bbox 328 1833 398 1882; x_wconf 82' lang='lat' dir='ltr'>erat</span> <span class='ocrx_word' id='word_1_109' title='bbox 418 1839 454 1882; x_wconf 81' lang='lat' dir='ltr'>to</span> <span class='ocrx_word' id='word_1_110' title='bbox 470 1835 566 1891; x_wconf 78' lang='lat' dir='ltr'>ttutn,</span> <span class='ocrx_word' id='word_1_111' title='bbox 600 1819 709 1880; x_wconf 84' lang='lat' dir='ltr'>ludum</span> <span class='ocrx_word' id='word_1_112' title='bbox 732 1837 861 1904; x_wconf 79' lang='lat' dir='ltr'>aperuit</span> <span class='ocrx_word' id='word_1_113' title='bbox 879 1819 1030 1906; x_wconf 58' lang='lat' dir='ltr'>publicet</span> <span class='ocrx_word' id='word_1_114' title='bbox 1114 1869 1116 1876; x_wconf 61' lang='grc'>,</span> 
     </span>
     <span class='ocr_line' id='line_1_18' title="bbox 28 1903 1031 1988; baseline 0.006 -28"><span class='ocrx_word' id='word_1_115' title='bbox 28 1903 178 1985; x_wconf 83' lang='lat' dir='ltr'>nulliqu&#39;e</span> <span class='ocrx_word' id='word_1_116' title='bbox 205 1913 375 1984; x_wconf 82' lang='lat' dir='ltr'>suspectus</span> <span class='ocrx_word' id='word_1_117' title='bbox 401 1913 504 1966; x_wconf 87' lang='lat' dir='ltr'>totum</span> <span class='ocrx_word' id='word_1_118' title='bbox 529 1903 612 1964; x_wconf 88' lang='lat' dir='ltr'>illud</span> <span class='ocrx_word' id='word_1_119' title='bbox 636 1903 881 1966; x_wconf 85' lang='lat' dir='ltr'>minacissimum</span> <span class='ocrx_word' id='word_1_120' title='bbox 902 1917 1031 1988; x_wconf 78' lang='lat' dir='ltr'>tempus</span> 
     </span>
     <span class='ocr_line' id='line_1_19' title="bbox 28 1983 455 2070; baseline 0.007 -27"><span class='ocrx_word' id='word_1_121' title='bbox 28 1987 109 2044; x_wconf 83' lang='lat' dir='ltr'>citra</span> <span class='ocrx_word' id='word_1_122' title='bbox 133 1983 315 2066; x_wconf 77' lang='lat' dir='ltr'>perieulum</span> <span class='ocrx_word' id='word_1_123' title='bbox 335 1987 455 2070; x_wconf 78' lang='lat' dir='ltr'>exegit.</span> 
     </span>
    </p>
   </div>
   <div class='ocr_carea' id='block_1_5' title="bbox 29 2081 1265 3406">
    <p class='ocr_par' dir='ltr' id='par_1_8' title="bbox 29 2081 1265 3406">
     <span class='ocr_line' id='line_1_20' title="bbox 87 2081 1265 2172; baseline -0.011 -20"><span class='ocrx_word' id='word_1_124' title='bbox 87 2091 125 2154; x_wconf 92' lang='lat' dir='ltr'>C.</span> <span class='ocrx_word' id='word_1_125' title='bbox 154 2091 224 2152; x_wconf 87' lang='lat' dir='ltr'>Has</span> <span class='ocrx_word' id='word_1_126' title='bbox 249 2089 335 2152; x_wconf 85' lang='lat' dir='ltr'>inter</span> <span class='ocrx_word' id='word_1_127' title='bbox 362 2084 557 2154; x_wconf 75' lang='lat' dir='ltr'>calamitates</span> <span class='ocrx_word' id='word_1_128' title='bbox 584 2085 667 2154; x_wconf 82' lang='lat' dir='ltr'>nihil</span> <span class='ocrx_word' id='word_1_129' title='bbox 697 2099 766 2156; x_wconf 79' lang='lat' dir='ltr'>erat</span> <span class='ocrx_word' id='word_1_130' title='bbox 791 2083 1029 2164; x_wconf 69' lang='lat' dir='ltr'>calamitosius,</span> <span class='ocrx_word' id='word_1_131' title='bbox 1061 2081 1158 2172; x_wconf 63' lang='lat' dir='ltr'>Manet</span> <span class='ocrx_word' id='word_1_132' title='bbox 1261 2105 1265 2114; x_wconf 90' lang='grc'><em>·</em></span> 
     </span>
     <span class='ocr_line' id='line_1_21' title="bbox 29 2150 1192 2256; baseline 0.003 -24"><span class='ocrx_word' id='word_1_133' title='bbox 29 2193 127 2255; x_wconf 86' lang='lat' dir='ltr'>quam</span> <span class='ocrx_word' id='word_1_134' title='bbox 146 2167 236 2256; x_wconf 86' lang='lat' dir='ltr'>quod</span> <span class='ocrx_word' id='word_1_135' title='bbox 255 2193 296 2233; x_wconf 91' lang='lat' dir='ltr'>ne</span> <span class='ocrx_word' id='word_1_136' title='bbox 315 2165 395 2235; x_wconf 91' lang='lat' dir='ltr'>llere</span> <span class='ocrx_word' id='word_1_137' title='bbox 410 2173 543 2256; x_wconf 86' lang='lat' dir='ltr'>quidem</span> <span class='ocrx_word' id='word_1_138' title='bbox 557 2175 685 2238; x_wconf 88' lang='lat' dir='ltr'>occisos</span> <span class='ocrx_word' id='word_1_139' title='bbox 701 2187 771 2236; x_wconf 87' lang='lat' dir='ltr'>erat</span> <span class='ocrx_word' id='word_1_140' title='bbox 786 2175 927 2236; x_wconf 82' lang='lat' dir='ltr'>licituant</span> <span class='ocrx_word' id='word_1_141' title='bbox 951 2175 1029 2256; x_wconf 90' lang='lat' dir='ltr'>quin</span> <span class='ocrx_word' id='word_1_142' title='bbox 1043 2173 1068 2212; x_wconf 66' lang='lat'>&#39;³</span> <span class='ocrx_word' id='word_1_143' title='bbox 1083 2150 1181 2224; x_wconf 53' lang='grc' dir='ltr'>ΨΜ</span> <span class='ocrx_word' id='word_1_144' title='bbox 1190 2170 1192 2182; x_wconf 84' lang='grc'><em>’</em></span> 
     </span>
     <span class='ocr_line' id='line_1_22' title="bbox 30 2229 1211 2354; baseline 0.004 -42"><span class='ocrx_word' id='word_1_145' title='bbox 30 2255 117 2316; x_wconf 85' lang='lat' dir='ltr'>ultro</span> <span class='ocrx_word' id='word_1_146' title='bbox 135 2255 214 2316; x_wconf 83' lang='lat' dir='ltr'>laeti</span> <span class='ocrx_word' id='word_1_147' title='bbox 233 2256 296 2318; x_wconf 78' lang='lat' dir='ltr'>ell&#39;e</span> <span class='ocrx_word' id='word_1_148' title='bbox 316 2275 429 2318; x_wconf 82' lang='lat' dir='ltr'>ornnes</span> <span class='ocrx_word' id='word_1_149' title='bbox 444 2256 637 2336; x_wconf 81' lang='lat' dir='ltr'>jubebantur</span> <span class='ocrx_word' id='word_1_150' title='bbox 656 2253 775 2328; x_wconf 77' lang='lat' dir='ltr'>edicto,</span> <span class='ocrx_word' id='word_1_151' title='bbox 798 2269 937 2354; x_wconf 84' lang='lat' dir='ltr'>propter</span> <span class='ocrx_word' id='word_1_152' title='bbox 953 2276 1030 2318; x_wconf 68' lang='lat' dir='ltr'>cona</span> <span class='ocrx_word' id='word_1_153' title='bbox 1044 2229 1211 2300; x_wconf 53' lang='lat' dir='ltr'>&#39;mim&#39;</span> 
     </span>
     <span class='ocr_line' id='line_1_23' title="bbox 32 2331 1032 2424; baseline 0.004 -30"><span class='ocrx_word' id='word_1_154' title='bbox 32 2337 136 2396; x_wconf 87' lang='lat' dir='ltr'>sulum</span> <span class='ocrx_word' id='word_1_155' title='bbox 167 2335 411 2422; x_wconf 82' lang='lat' dir='ltr'>designatorum</span> <span class='ocrx_word' id='word_1_156' title='bbox 435 2331 638 2424; x_wconf 76' lang='lat' dir='ltr'>triumphos,</span> <span class='ocrx_word' id='word_1_157' title='bbox 670 2351 704 2400; x_wconf 83' lang='lat' dir='ltr'>et</span> <span class='ocrx_word' id='word_1_158' title='bbox 723 2339 931 2400; x_wconf 81' lang='lat' dir='ltr'>immanentes</span> <span class='ocrx_word' id='word_1_159' title='bbox 952 2331 1032 2400; x_wconf 85' lang='lat' dir='ltr'>noti</span> 
     </span>
     <span class='ocr_line' id='line_1_24' title="bbox 30 2417 1032 2505; baseline 0.006 -30"><span class='ocrx_word' id='word_1_160' title='bbox 30 2419 104 2477; x_wconf 85' lang='lat' dir='ltr'>anni</span> <span class='ocrx_word' id='word_1_161' title='bbox 126 2417 240 2480; x_wconf 83' lang='lat' dir='ltr'>ferias.</span> <span class='ocrx_word' id='word_1_162' title='bbox 284 2423 363 2482; x_wconf 86' lang='lat' dir='ltr'>Nam</span> <span class='ocrx_word' id='word_1_163' title='bbox 382 2419 560 2484; x_wconf 83' lang='lat' dir='ltr'>antediem</span> <span class='ocrx_word' id='word_1_164' title='bbox 579 2433 727 2505; x_wconf 86' lang='lat' dir='ltr'>quartum</span> <span class='ocrx_word' id='word_1_165' title='bbox 742 2419 901 2484; x_wconf 72' lang='lat' dir='ltr'>Kalendas</span> <span class='ocrx_word' id='word_1_166' title='bbox 914 2421 1032 2483; x_wconf 82' lang='lat' dir='ltr'>lanua·</span> 
     </span>
     <span class='ocr_line' id='line_1_25' title="bbox 32 2499 1031 2586; baseline 0 -27"><span class='ocrx_word' id='word_1_167' title='bbox 32 2503 96 2560; x_wconf 81' lang='lat' dir='ltr'>rias</span> <span class='ocrx_word' id='word_1_168' title='bbox 117 2499 156 2562; x_wconf 83' lang='lat' dir='ltr'>b.</span> <span class='ocrx_word' id='word_1_169' title='bbox 173 2501 313 2564; x_wconf 84' lang='lat' dir='ltr'>Plancus</span> <span class='ocrx_word' id='word_1_170' title='bbox 335 2499 545 2586; x_wconf 87' lang='lat' dir='ltr'>triumphavit</span> <span class='ocrx_word' id='word_1_171' title='bbox 568 2523 608 2564; x_wconf 86' lang='lat' dir='ltr'>ex</span> <span class='ocrx_word' id='word_1_172' title='bbox 628 2503 750 2576; x_wconf 78' lang='lat' dir='ltr'>Gallia,</span> <span class='ocrx_word' id='word_1_173' title='bbox 782 2501 917 2564; x_wconf 78' lang='lat' dir='ltr'>Rboetis</span> <span class='ocrx_word' id='word_1_174' title='bbox 939 2503 1031 2565; x_wconf 60' lang='lat' dir='ltr'>devia</span> 
     </span>
     <span class='ocr_line' id='line_1_26' title="bbox 32 2577 1030 2668; baseline 0.01 -27"><span class='ocrx_word' id='word_1_175' title='bbox 32 2583 112 2642; x_wconf 85' lang='lat' dir='ltr'>etis:</span> <span class='ocrx_word' id='word_1_176' title='bbox 143 2595 179 2644; x_wconf 90' lang='lat' dir='ltr'>et</span> <span class='ocrx_word' id='word_1_177' title='bbox 202 2601 276 2645; x_wconf 87' lang='lat' dir='ltr'>mox</span> <span class='ocrx_word' id='word_1_178' title='bbox 303 2595 375 2644; x_wconf 88' lang='lat' dir='ltr'>ante</span> <span class='ocrx_word' id='word_1_179' title='bbox 401 2583 487 2646; x_wconf 86' lang='lat' dir='ltr'>diem</span> <span class='ocrx_word' id='word_1_180' title='bbox 533 2577 617 2646; x_wconf 88' lang='lat' dir='ltr'>ridie</span> <span class='ocrx_word' id='word_1_181' title='bbox 637 2584 795 2648; x_wconf 85' lang='lat' dir='ltr'>llalendas</span> <span class='ocrx_word' id='word_1_182' title='bbox 817 2605 857 2646; x_wconf 89' lang='lat' dir='ltr'>ex</span> <span class='ocrx_word' id='word_1_183' title='bbox 874 2585 1030 2668; x_wconf 67' lang='lat' dir='ltr'>Hispani·</span> 
     </span>
     <span class='ocr_line' id='line_1_27' title="bbox 31 2663 1031 2748; baseline 0.001 -24"><span class='ocrx_word' id='word_1_184' title='bbox 31 2664 250 2748; x_wconf 72' lang='lat' dir='ltr'>bbLepitlua.</span> <span class='ocrx_word' id='word_1_185' title='bbox 292 2663 432 2726; x_wconf 86' lang='lat' dir='ltr'>Plancus</span> <span class='ocrx_word' id='word_1_186' title='bbox 458 2683 495 2728; x_wconf 85' lang='lat' dir='ltr'>uc</span> <span class='ocrx_word' id='word_1_187' title='bbox 520 2687 571 2728; x_wconf 87' lang='lat' dir='ltr'>ent</span> <span class='ocrx_word' id='word_1_188' title='bbox 597 2663 673 2729; x_wconf 84' lang='lat' dir='ltr'>Sata</span> <span class='ocrx_word' id='word_1_189' title='bbox 717 2667 728 2729; x_wconf 93' lang='lat' dir='ltr'>i</span> <span class='ocrx_word' id='word_1_190' title='bbox 768 2668 832 2730; x_wconf 89' lang='lat' dir='ltr'>ecit</span> <span class='ocrx_word' id='word_1_191' title='bbox 857 2687 895 2726; x_wconf 85' lang='lat' dir='ltr'>ex</span> <span class='ocrx_word' id='word_1_192' title='bbox 919 2681 1031 2726; x_wconf 72' lang='lat' dir='ltr'>manu-</span> 
     </span>
     <span class='ocr_line' id='line_1_28' title="bbox 32 2745 1031 2832; baseline 0.004 -26"><span class='ocrx_word' id='word_1_193' title='bbox 32 2745 107 2806; x_wconf 86' lang='lat' dir='ltr'>biis.</span> <span class='ocrx_word' id='word_1_194' title='bbox 148 2747 194 2809; x_wconf 87' lang='lat' dir='ltr'>Et</span> <span class='ocrx_word' id='word_1_195' title='bbox 216 2747 361 2830; x_wconf 86' lang='lat' dir='ltr'>quumvis</span> <span class='ocrx_word' id='word_1_196' title='bbox 384 2747 539 2831; x_wconf 84' lang='lat' dir='ltr'>imperatu</span> <span class='ocrx_word' id='word_1_197' title='bbox 562 2745 684 2810; x_wconf 88' lang='lat' dir='ltr'>laetitia</span> <span class='ocrx_word' id='word_1_198' title='bbox 727 2770 763 2812; x_wconf 89' lang='lat' dir='ltr'>os</span> <span class='ocrx_word' id='word_1_199' title='bbox 782 2746 814 2810; x_wconf 87' lang='lat' dir='ltr'>in</span> <span class='ocrx_word' id='word_1_200' title='bbox 836 2749 1031 2832; x_wconf 79' lang='lat' dir='ltr'>Capitolium</span> 
     </span>
     <span class='ocr_line' id='line_1_29' title="bbox 34 2825 1074 2914; baseline 0.003 -27"><span class='ocrx_word' id='word_1_201' title='bbox 34 2829 121 2888; x_wconf 79' lang='lat' dir='ltr'>rives</span> <span class='ocrx_word' id='word_1_202' title='bbox 139 2829 330 2912; x_wconf 82' lang='lat' dir='ltr'>militesque</span> <span class='ocrx_word' id='word_1_203' title='bbox 349 2839 646 2914; x_wconf 80' lang='lat' dir='ltr'>prosequerentur,</span> <span class='ocrx_word' id='word_1_204' title='bbox 676 2849 738 2893; x_wconf 86' lang='lat' dir='ltr'>nec</span> <span class='ocrx_word' id='word_1_205' title='bbox 758 2843 863 2892; x_wconf 87' lang='lat' dir='ltr'>tamen</span> <span class='ocrx_word' id='word_1_206' title='bbox 884 2843 937 2892; x_wconf 87' lang='lat' dir='ltr'>aut</span> <span class='ocrx_word' id='word_1_207' title='bbox 955 2825 1030 2892; x_wconf 76' lang='lat' dir='ltr'>illo·</span> <span class='ocrx_word' id='word_1_208' title='bbox 1072 2902 1074 2911; x_wconf 32' lang='grc' dir='ltr'>Ι</span> 
     </span>
     <span class='ocr_line' id='line_1_30' title="bbox 35 2907 1098 2998; baseline 0.005 -30"><span class='ocrx_word' id='word_1_209' title='bbox 35 2926 101 2969; x_wconf 89' lang='lat' dir='ltr'>rum</span> <span class='ocrx_word' id='word_1_210' title='bbox 120 2909 217 2972; x_wconf 86' lang='lat' dir='ltr'>tacita</span> <span class='ocrx_word' id='word_1_211' title='bbox 237 2911 439 2986; x_wconf 82' lang='lat' dir='ltr'>exsecratio,</span> <span class='ocrx_word' id='word_1_212' title='bbox 464 2911 646 2974; x_wconf 88' lang='lat' dir='ltr'>authorum</span> <span class='ocrx_word' id='word_1_213' title='bbox 667 2907 863 2998; x_wconf 83' lang='lat' dir='ltr'>apertillirna</span> <span class='ocrx_word' id='word_1_214' title='bbox 882 2909 1030 2974; x_wconf 82' lang='lat' dir='ltr'>convicia</span> <span class='ocrx_word' id='word_1_215' title='bbox 1095 2921 1098 2929; x_wconf 84' lang='grc'><strong>’</strong></span> 
     </span>
     <span class='ocr_line' id='line_1_31' title="bbox 35 2991 1029 3057; baseline 0.005 -7"><span class='ocrx_word' id='word_1_216' title='bbox 35 2991 220 3056; x_wconf 76' lang='lat' dir='ltr'>defuerunt.</span> <span class='ocrx_word' id='word_1_217' title='bbox 265 2993 363 3054; x_wconf 86' lang='lat' dir='ltr'>Certe</span> <span class='ocrx_word' id='word_1_218' title='bbox 381 3005 528 3055; x_wconf 80' lang='lat' dir='ltr'>servatus</span> <span class='ocrx_word' id='word_1_219' title='bbox 546 2993 587 3054; x_wconf 89' lang='lat' dir='ltr'>ad</span> <span class='ocrx_word' id='word_1_220' title='bbox 602 2995 789 3057; x_wconf 85' lang='lat' dir='ltr'>memoriam</span> <span class='ocrx_word' id='word_1_221' title='bbox 803 2991 939 3056; x_wconf 77' lang='lat' dir='ltr'>nollrirm</span> <span class='ocrx_word' id='word_1_222' title='bbox 954 3007 1029 3057; x_wconf 81' lang='lat' dir='ltr'>ver-</span> 
     </span>
     <span class='ocr_line' id='line_1_32' title="bbox 38 3071 1027 3162; baseline 0.004 -30"><span class='ocrx_word' id='word_1_223' title='bbox 38 3089 89 3136; x_wconf 78' lang='lat' dir='ltr'>sus</span> <span class='ocrx_word' id='word_1_224' title='bbox 106 3071 170 3148; x_wconf 77' lang='lat' dir='ltr'>est,</span> <span class='ocrx_word' id='word_1_225' title='bbox 201 3075 289 3136; x_wconf 84' lang='lat' dir='ltr'>inter</span> <span class='ocrx_word' id='word_1_226' title='bbox 307 3073 491 3160; x_wconf 83' lang='lat' dir='ltr'>triumphos</span> <span class='ocrx_word' id='word_1_227' title='bbox 508 3071 582 3138; x_wconf 88' lang='lat' dir='ltr'>illos</span> <span class='ocrx_word' id='word_1_228' title='bbox 602 3089 790 3162; x_wconf 82' lang='lat' dir='ltr'>usurpatus:</span> <span class='ocrx_word' id='word_1_229' title='bbox 820 3079 853 3135; x_wconf 83' lang='lat' dir='ltr'>de</span> <span class='ocrx_word' id='word_1_230' title='bbox 870 3077 1027 3150; x_wconf 77' lang='lat' dir='ltr'>Germanis,</span> 
     </span>
     <span class='ocr_line' id='line_1_33' title="bbox 37 3149 1028 3244; baseline 0.006 -30"><span class='ocrx_word' id='word_1_231' title='bbox 37 3177 86 3214; x_wconf 77' lang='lat' dir='ltr'>run</span> <span class='ocrx_word' id='word_1_232' title='bbox 104 3159 137 3218; x_wconf 79' lang='lat' dir='ltr'>dt</span> <span class='ocrx_word' id='word_1_233' title='bbox 156 3155 268 3230; x_wconf 79' lang='lat' dir='ltr'>Gallis,</span> <span class='ocrx_word' id='word_1_234' title='bbox 299 3156 353 3216; x_wconf 83' lang='lat' dir='ltr'>duo</span> <span class='ocrx_word' id='word_1_235' title='bbox 378 3158 549 3235; x_wconf 78' lang='lat' dir='ltr'>triumphant</span> <span class='ocrx_word' id='word_1_236' title='bbox 572 3159 706 3238; x_wconf 70' lang='lat' dir='ltr'>covtlules:</span> <span class='ocrx_word' id='word_1_237' title='bbox 737 3149 845 3240; x_wconf 77' lang='lat' dir='ltr'>quod,</span> <span class='ocrx_word' id='word_1_238' title='bbox 875 3165 1028 3244; x_wconf 76' lang='lat' dir='ltr'>utsupra</span> 
     </span>
     <span class='ocr_line' id='line_1_34' title="bbox 39 3232 1028 3316; baseline 0.002 -17"><span class='ocrx_word' id='word_1_239' title='bbox 39 3237 301 3310; x_wconf 79' lang='lat' dir='ltr'>memoravimus,</span> <span class='ocrx_word' id='word_1_240' title='bbox 324 3232 380 3298; x_wconf 88' lang='lat' dir='ltr'>ille</span> <span class='ocrx_word' id='word_1_241' title='bbox 396 3233 537 3300; x_wconf 85' lang='lat' dir='ltr'>Plotium</span> <span class='ocrx_word' id='word_1_242' title='bbox 557 3239 708 3313; x_wconf 70' lang='lat' dir='ltr'>fratrem,</span> <span class='ocrx_word' id='word_1_243' title='bbox 731 3237 786 3301; x_wconf 88' lang='lat' dir='ltr'>hic</span> <span class='ocrx_word' id='word_1_244' title='bbox 803 3236 969 3316; x_wconf 80' lang='lat' dir='ltr'>Paullum,</span> <span class='ocrx_word' id='word_1_245' title='bbox 992 3241 1028 3301; x_wconf 90' lang='lat' dir='ltr'>in</span> 
     </span>
     <span class='ocr_line' id='line_1_35' title="bbox 39 3319 686 3406; baseline 0.003 -25"><span class='ocrx_word' id='word_1_246' title='bbox 39 3319 292 3406; x_wconf 66' lang='lat' dir='ltr'>proscriptorum</span> <span class='ocrx_word' id='word_1_247' title='bbox 313 3337 480 3380; x_wconf 85' lang='lat' dir='ltr'>numerum</span> <span class='ocrx_word' id='word_1_248' title='bbox 496 3323 686 3384; x_wconf 78' lang='lat' dir='ltr'>retulill&#39;ent.</span> 
     </span>
    </p>
   </div>
   <div class='ocr_carea' id='block_1_6' title="bbox 44 3423 1200 4003">
    <p class='ocr_par' dir='ltr' id='par_1_9' title="bbox 44 3423 1200 4003">
     <span class='ocr_line' id='line_1_36' title="bbox 95 3423 1200 3510; baseline 0.009 -21"><span class='ocrx_word' id='word_1_249' title='bbox 95 3429 143 3490; x_wconf 86' lang='lat' dir='ltr'>ct.</span> <span class='ocrx_word' id='word_1_250' title='bbox 173 3427 243 3488; x_wconf 84' lang='lat' dir='ltr'>Hoc</span> <span class='ocrx_word' id='word_1_251' title='bbox 263 3439 412 3510; x_wconf 87' lang='lat' dir='ltr'>tempore</span> <span class='ocrx_word' id='word_1_252' title='bbox 431 3423 631 3490; x_wconf 82' lang='lat' dir='ltr'>consulatum</span> <span class='ocrx_word' id='word_1_253' title='bbox 650 3423 882 3493; x_wconf 68' lang='lat' dir='ltr'>P0Ventitlius</span> <span class='ocrx_word' id='word_1_254' title='bbox 901 3423 1023 3504; x_wconf 69' lang='lat' dir='ltr'>Ball&#39;as.</span> <span class='ocrx_word' id='word_1_255' title='bbox 1057 3433 1200 3499; x_wconf 74' lang='lat' dir='ltr'>Ventidius</span> 
     </span>
     <span class='ocr_line' id='line_1_37' title="bbox 44 3512 1189 3606; baseline 0.007 -34"><span class='ocrx_word' id='word_1_256' title='bbox 44 3523 186 3594; x_wconf 78' lang='lat' dir='ltr'>expecto</span> <span class='ocrx_word' id='word_1_257' title='bbox 206 3512 468 3582; x_wconf 83' lang='lat' dir='ltr'>triumvirorum,</span> <span class='ocrx_word' id='word_1_258' title='bbox 497 3531 568 3572; x_wconf 88' lang='lat' dir='ltr'>cum</span> <span class='ocrx_word' id='word_1_259' title='bbox 587 3512 623 3572; x_wconf 82' lang='lat' dir='ltr'>C.</span> <span class='ocrx_word' id='word_1_260' title='bbox 640 3512 808 3574; x_wconf 85' lang='lat' dir='ltr'>Carrinate</span> <span class='ocrx_word' id='word_1_261' title='bbox 826 3529 887 3606; x_wconf 85' lang='lat' dir='ltr'>per</span> <span class='ocrx_word' id='word_1_262' title='bbox 902 3513 1026 3598; x_wconf 88' lang='lat' dir='ltr'>aliquot</span> <span class='ocrx_word' id='word_1_263' title='bbox 1038 3513 1132 3570; x_wconf 68' lang='lat' dir='ltr'>tvm!</span> <span class='ocrx_word' id='word_1_264' title='bbox 1141 3513 1189 3580; x_wconf 76' lang='lat' dir='ltr'>fit.</span> 
     </span>
     <span class='ocr_line' id='line_1_38' title="bbox 45 3587 1026 3676; baseline 0.003 -23"><span class='ocrx_word' id='word_1_265' title='bbox 45 3593 105 3654; x_wconf 77' lang='lat' dir='ltr'>dieu</span> <span class='ocrx_word' id='word_1_266' title='bbox 121 3591 233 3676; x_wconf 75' lang='lat' dir='ltr'>gobit,</span> <span class='ocrx_word' id='word_1_267' title='bbox 255 3587 425 3654; x_wconf 83' lang='lat' dir='ltr'>abdicante</span> <span class='ocrx_word' id='word_1_268' title='bbox 441 3595 598 3665; x_wconf 83' lang='lat' dir='ltr'>Caesare,</span> <span class='ocrx_word' id='word_1_269' title='bbox 621 3602 653 3654; x_wconf 86' lang='lat' dir='ltr'>ot</span> <span class='ocrx_word' id='word_1_270' title='bbox 669 3591 794 3676; x_wconf 82' lang='lat' dir='ltr'>collega</span> <span class='ocrx_word' id='word_1_271' title='bbox 810 3609 880 3674; x_wconf 70' lang='lat' dir='ltr'>elba</span> <span class='ocrx_word' id='word_1_272' title='bbox 895 3607 1026 3658; x_wconf 88' lang='lat' dir='ltr'>mortuo</span> 
     </span>
     <span class='ocr_line' id='line_1_39' title="bbox 46 3667 1025 3767; baseline 0.002 -31"><span class='ocrx_word' id='word_1_273' title='bbox 46 3677 79 3767; x_wconf 77' lang='lat' dir='ltr'>Q.</span> <span class='ocrx_word' id='word_1_274' title='bbox 96 3675 208 3738; x_wconf 87' lang='lat' dir='ltr'>Pedio.</span> <span class='ocrx_word' id='word_1_275' title='bbox 251 3679 364 3758; x_wconf 81' lang='lat' dir='ltr'>Neque</span> <span class='ocrx_word' id='word_1_276' title='bbox 384 3693 505 3735; x_wconf 88' lang='lat' dir='ltr'>moram</span> <span class='ocrx_word' id='word_1_277' title='bbox 523 3667 709 3748; x_wconf 81' lang='lat' dir='ltr'>adferebat,</span> <span class='ocrx_word' id='word_1_278' title='bbox 732 3675 818 3758; x_wconf 83' lang='lat' dir='ltr'>quod</span> <span class='ocrx_word' id='word_1_279' title='bbox 838 3689 907 3738; x_wconf 89' lang='lat' dir='ltr'>tunt</span> <span class='ocrx_word' id='word_1_280' title='bbox 925 3676 1025 3738; x_wconf 75' lang='lat' dir='ltr'>maxi·</span> 
     </span>
     <span class='ocr_line' id='line_1_40' title="bbox 48 3749 1023 3840; baseline 0.004 -24"><span class='ocrx_word' id='word_1_281' title='bbox 48 3777 89 3820; x_wconf 83' lang='lat' dir='ltr'>me</span> <span class='ocrx_word' id='word_1_282' title='bbox 106 3771 236 3840; x_wconf 86' lang='lat' dir='ltr'>praetor</span> <span class='ocrx_word' id='word_1_283' title='bbox 256 3771 326 3818; x_wconf 87' lang='lat' dir='ltr'>erat</span> <span class='ocrx_word' id='word_1_284' title='bbox 342 3755 526 3818; x_wconf 82' lang='lat' dir='ltr'>Ventidius.</span> <span class='ocrx_word' id='word_1_285' title='bbox 559 3749 653 3818; x_wconf 87' lang='lat' dir='ltr'>nibili</span> <span class='ocrx_word' id='word_1_286' title='bbox 676 3757 762 3818; x_wconf 85' lang='lat' dir='ltr'>eninr</span> <span class='ocrx_word' id='word_1_287' title='bbox 781 3755 903 3822; x_wconf 82' lang='lat' dir='ltr'>liebant</span> <span class='ocrx_word' id='word_1_288' title='bbox 921 3759 952 3820; x_wconf 82' lang='lat' dir='ltr'>le</span> <span class='ocrx_word' id='word_1_289' title='bbox 976 3773 1023 3832; x_wconf 79' lang='lat' dir='ltr'>ea,</span> 
     </span>
     <span class='ocr_line' id='line_1_41' title="bbox 49 3779 1022 3926; baseline 0.003 -27"><span class='ocrx_word' id='word_1_290' title='bbox 49 3859 167 3921; x_wconf 87' lang='lat' dir='ltr'>quaram</span> <span class='ocrx_word' id='word_1_291' title='bbox 185 3837 329 3902; x_wconf 89' lang='lat' dir='ltr'>Genuoia</span> <span class='ocrx_word' id='word_1_292' title='bbox 349 3847 581 3915; x_wconf 68' lang='lat' dir='ltr'>certamem,</span> <span class='ocrx_word' id='word_1_293' title='bbox 603 3855 643 3902; x_wconf 83' lang='lat' dir='ltr'>ne</span> <span class='ocrx_word' id='word_1_294' title='bbox 664 3840 737 3924; x_wconf 85' lang='lat' dir='ltr'>quis</span> <span class='ocrx_word' id='word_1_295' title='bbox 756 3839 839 3905; x_wconf 81' lang='lat' dir='ltr'>duos</span> <span class='ocrx_word' id='word_1_296' title='bbox 859 3779 1022 3926; x_wconf 53' lang='lat' dir='ltr'>anagiffran</span> 
     </span>
     <span class='ocr_line' id='line_1_42' title="bbox 50 3931 430 4003; baseline 0.011 -23"><span class='ocrx_word' id='word_1_297' title='bbox 50 3931 91 3981; x_wconf 88' lang='lat' dir='ltr'>tus</span> <span class='ocrx_word' id='word_1_298' title='bbox 108 3941 168 3984; x_wconf 87' lang='lat' dir='ltr'>uuo</span> <span class='ocrx_word' id='word_1_299' title='bbox 185 3941 269 3983; x_wconf 85' lang='lat' dir='ltr'>anno</span> <span class='ocrx_word' id='word_1_300' title='bbox 287 3933 430 4003; x_wconf 73' lang='lat' dir='ltr'>gereret·</span> 
     </span>
    </p>
   </div>
   <div class='ocr_carea' id='block_1_7' title="bbox 52 4045 370 4062">
    <p class='ocr_par' dir='ltr' id='par_1_10' title="bbox 52 4045 370 4062">
     <span class='ocr_line' id='line_1_43' title="bbox 52 4045 370 4062; baseline 0.006 -2"><span class='ocrx_word' id='word_1_301' title='bbox 52 4045 370 4062; x_wconf 54' lang='grc' dir='ltr'><strong>ψ</strong></span> 
     </span>
    </p>
   </div>
   <div class='ocr_carea' id='block_1_8' title="bbox 1037 3363 1041 3373">
    <p class='ocr_par' dir='ltr' id='par_1_11' title="bbox 1037 3363 1041 3373">
     <span class='ocr_line' id='line_1_44' title="bbox 1037 3363 1041 3373; baseline 0 0"><span class='ocrx_word' id='word_1_302' title='bbox 1037 3363 1041 3373; x_wconf 77' lang='lat' dir='ltr'>t</span> 
     </span>
    </p>
   </div>
   <div class='ocr_carea' id='block_1_9' title="bbox 77 4091 1020 4232">
    <p class='ocr_par' dir='ltr' id='par_1_12' title="bbox 77 4091 1020 4232">
     <span class='ocr_line' id='line_1_45' title="bbox 77 4091 1020 4232; baseline -0.007 -68"><span class='ocrx_word' id='word_1_303' title='bbox 77 4107 142 4232; x_wconf 77' lang='lat' dir='ltr'>Gap.</span> <span class='ocrx_word' id='word_1_304' title='bbox 158 4109 190 4165; x_wconf 82' lang='lat' dir='ltr'>C.</span> <span class='ocrx_word' id='word_1_305' title='bbox 214 4103 284 4164; x_wconf 87' lang='lat' dir='ltr'>Dio.</span> <span class='ocrx_word' id='word_1_306' title='bbox 302 4103 367 4165; x_wconf 69' lang='lat' dir='ltr'>etri</span> <span class='ocrx_word' id='word_1_307' title='bbox 414 4105 472 4164; x_wconf 86' lang='lat' dir='ltr'>ian.</span> <span class='ocrx_word' id='word_1_308' title='bbox 497 4091 571 4166; x_wconf 81' lang='lat' dir='ltr'>Falli</span> <span class='ocrx_word' id='word_1_309' title='bbox 586 4105 685 4182; x_wconf 83' lang='lat' dir='ltr'>Capit.</span> <span class='ocrx_word' id='word_1_310' title='bbox 711 4107 804 4166; x_wconf 71' lang='lat' dir='ltr'>vatus</span> <span class='ocrx_word' id='word_1_311' title='bbox 820 4097 974 4178; x_wconf 81' lang='lat' dir='ltr'>inscriptio</span> <span class='ocrx_word' id='word_1_312' title='bbox 989 4113 1020 4158; x_wconf 79' lang='lat' dir='ltr'>a·</span> 
     </span>
    </p>
   </div>
   <div class='ocr_carea' id='block_1_10' title="bbox 53 4173 1018 4323">
    <p class='ocr_par' dir='ltr' id='par_1_13' title="bbox 53 4173 1018 4323">
     <span class='ocr_line' id='line_1_46' title="bbox 53 4173 1018 4264; baseline -0.017 -18"><span class='ocrx_word' id='word_1_313' title='bbox 53 4177 101 4246; x_wconf 60' lang='lat' dir='ltr'>ill</span> <span class='ocrx_word' id='word_1_314' title='bbox 138 4179 193 4248; x_wconf 71' lang='lat' dir='ltr'>igh·</span> <span class='ocrx_word' id='word_1_315' title='bbox 221 4178 346 4264; x_wconf 77' lang='lat' dir='ltr'>Appian.</span> <span class='ocrx_word' id='word_1_316' title='bbox 403 4177 564 4252; x_wconf 83' lang='lat' dir='ltr'>ell.u‚b7.</span> <span class='ocrx_word' id='word_1_317' title='bbox 609 4183 681 4252; x_wconf 86' lang='lat' dir='ltr'>Gap.</span> <span class='ocrx_word' id='word_1_318' title='bbox 700 4179 747 4235; x_wconf 88' lang='lat' dir='ltr'>Cl.</span> <span class='ocrx_word' id='word_1_319' title='bbox 777 4177 889 4236; x_wconf 86' lang='lat' dir='ltr'>Tabula</span> <span class='ocrx_word' id='word_1_320' title='bbox 910 4173 1018 4234; x_wconf 82' lang='lat' dir='ltr'>eottot.</span> 
     </span>
     <span class='ocr_line' id='line_1_47' title="bbox 54 4244 777 4323; baseline 0.003 -21"><span class='ocrx_word' id='word_1_321' title='bbox 54 4244 120 4318; x_wconf 76' lang='lat' dir='ltr'>apat</span> <span class='ocrx_word' id='word_1_322' title='bbox 133 4247 212 4323; x_wconf 71' lang='lat' dir='ltr'>rign.</span> <span class='ocrx_word' id='word_1_323' title='bbox 235 4251 304 4308; x_wconf 82' lang='lat' dir='ltr'>Dru.</span> <span class='ocrx_word' id='word_1_324' title='bbox 327 4250 406 4310; x_wconf 83' lang='lat' dir='ltr'>Vell.</span> <span class='ocrx_word' id='word_1_325' title='bbox 419 4265 446 4318; x_wconf 78' lang='lat' dir='ltr'>a,</span> <span class='ocrx_word' id='word_1_326' title='bbox 459 4252 504 4308; x_wconf 76' lang='lat'>65·</span> <span class='ocrx_word' id='word_1_327' title='bbox 530 4248 599 4312; x_wconf 73' lang='lat' dir='ltr'>Vol·</span> <span class='ocrx_word' id='word_1_328' title='bbox 613 4253 690 4308; x_wconf 77' lang='lat' dir='ltr'>illas.</span> <span class='ocrx_word' id='word_1_329' title='bbox 705 4252 732 4317; x_wconf 84' lang='lat' dir='ltr'>b,</span> <span class='ocrx_word' id='word_1_330' title='bbox 750 4269 777 4318; x_wconf 83' lang='lat' dir='ltr'>q.</span> 
     </span>
    </p>
   </div>
   <div class='ocr_carea' id='block_1_11' title="bbox 665 4327 776 4396">
    <p class='ocr_par' dir='ltr' id='par_1_14' title="bbox 665 4327 776 4396">
     <span class='ocr_line' id='line_1_48' title="bbox 665 4327 776 4396; baseline -0.018 0"><span class='ocrx_word' id='word_1_331' title='bbox 665 4327 776 4396; x_wconf 78' lang='lat' dir='ltr'>Aua</span> 
     </span>
    </p>
   </div>
   <div class='ocr_carea' id='block_1_12' title="bbox 0 0 1333 4696">
    <p class='ocr_par' dir='ltr' id='par_1_15' title="bbox 0 0 1333 4696">
     <span class='ocr_line' id='line_1_49' title="bbox 0 0 1333 4696; baseline 0 0"><span class='ocrx_word' id='word_1_332' title='bbox 0 0 1333 4696; x_wconf 95' lang='lat' dir='ltr'> </span> 
     </span>
    </p>
   </div>
  </div>
 </body>
</html>
