2598 4692
315 289 376 361 ³⁶⁶
404 285 608 354 Fulmen.
620 275 1043 352 sustenementum
1058 277 1130 341 tra.
1142 277 1282 346 LXXXV.

146 502 182 560 u.
201 517 226 556 r.
243 515 304 570 7⁰⁹·
373 492 555 560 ,LXXXlV.
580 489 785 576 Ligariorum
809 488 945 560 fratrum
969 505 1045 554 nota
1070 493 1234 568 eoncordia
1254 511 1280 558 et

25 641 28 652 Δ
149 571 184 626 ll·
203 571 236 623 0·
252 569 296 636 4³·
320 576 436 640 caritas
463 573 535 638 fuit.
577 573 621 636 lii
645 594 741 657 quum
766 571 961 657 aliquamdiu
984 574 1143 636 lstuilfent
1168 577 1223 638 sub
1240 596 1281 640 ea·

59 773 62 780 ’
131 791 181 836 tre,
201 775 230 826 t'rt
241 775 296 836 jiu-

149 637 293 705 lff‘ffm’
320 653 424 730 mino,
454 655 578 740 proditi
598 669 671 717 sunt
689 677 705 714 a
724 655 849 724 sorvis,
873 655 1021 738 alterque
1042 657 1139 717 [latim
1163 660 1281 720 occisus.

319 740 379 812 At,
403 739 458 822 qui
478 737 654 824 eflugeret,
677 735 797 808 audito,
819 737 950 817 pesiilfe
970 739 1118 810 fratrem,
1144 737 1185 798 de
1204 755 1282 822 ponte

130 845 204 898 ,rm
223 841 291 896 mr.
320 843 356 883 se
374 821 495 901 dejecit
515 819 549 880 in
569 819 719 896 fluvium3
751 819 871 902 diuque
891 819 1028 880 luctatus
1046 840 1116 882 cum
1134 821 1296 903 piscatori-3

129 913 176 968 lit.
317 905 399 975 bus,
429 903 484 986 qui
510 921 642 962 servare
666 913 824 984 tamquam
843 899 931 961 forte
951 903 1137 986 prolapsum
1160 901 1296 962 nitebar-l

318 999 388 1057 fur,
411 985 526 1062 frustra
541 984 620 1060 estis,
644 983 766 1066 inquit:
795 984 964 1064 projcriptus
975 983 1057 1064 sirius,
1081 1005 1178 1061 eosque
1192 989 1287 1062 perdet

316 1071 398 1128 citius
410 1064 529 1145 pullum,
551 1085 631 1144 quern
646 1083 662 1120 a
678 1064 750 1122 uobis
764 1063 884 1143 seruari.
927 1061 1035 1146 Quum
1053 1087 1094 1128 ne
1112 1065 1160 1126 sic
1198 1065 1287 1126 uiden

318 1147 510 1232 fatigaretur
526 1139 656 1208 illorum
673 1141 871 1220 humanitas,
899 1145 1041 1220 milites,
1070 1149 1111 1209 nd
1134 1085 1287 1208 cudodiau

318 1230 427 1314 pontis
456 1227 615 1312 adpositi,
650 1241 877 1299 accurrerunt,
913 1243 1136 1316 necaruntque
1161 1229 1289 1311 proscri-

319 1325 420 1396 ptum.

156 1415 301 1470 'Aliorum
381 1415 541 1478 LXXXV.
575 1415 647 1476 Duo
666 1433 797 1498 quoque
815 1415 876 1476 alis
893 1415 1028 1478 fratrum
1048 1415 1139 1498 paria
1159 1414 1297 1486 referre-l

129 1484 301 1566 s'.!''''¹'''⁰“·
322 1513 374 1561 tur
395 1497 486 1580 gravi
505 1496 632 1557 multata
655 1497 766 1557 exitio.
809 1499 845 1556 ln
865 1518 987 1558 amnem
1012 1518 1048 1558 se
1068 1498 1199 1580 quidam
1216 1519 1297 1580 prae·¹

135 1567 268 1609 ''um'‘
321 1580 528 1664 cipitarerat:
572 1597 645 1640 uem
665 1576 834 1662 inquisivit
856 1599 1023 1642 serrorum
1044 1577 1113 1658 ejus
1134 1602 1233 1652 unus,
1253 1603 1293 1640 re·

320 1661 495 1747 perteque
509 1599 578 1744 poil
602 1659 749 1744 quintum
773 1657 879 1735 diem,
911 1660 986 1744 qnia
1007 1659 1153 1722 nondum
1178 1663 1293 1724 confuse

321 1743 427 1806 omniu
449 1741 517 1804 oris
535 1741 727 1802 lineamenta
747 1755 855 1814 erant,
887 1755 983 1826 caput
1004 1743 1143 1826 proemii
1167 1763 1224 1826 spe
1243 1765 1294 1802 an·

320 1825 455 1910 putarit.
499 1823 602 1906 Hujus
622 1822 755 1884 fratrom
777 1823 858 1884 alius
877 1844 991 1886 servus
1015 1823 1048 1882 in
1069 1825 1187 1886 latrina
1206 1845 1238 1886 se
1253 1845 1295 1886 or·

322 1909 493 1969 enitentem
523 1905 695 1966 indicavit:
732 1906 1024 1990 percufforesque,
1060 1903 1228 1989 dedignati
1251 1906 1295 1966 de·

322 1987 496 2060 scendere,
518 1984 612 2048 hallis
627 1983 786 2048 conlisum
802 2001 1019 2060 extraxerunt,
1042 1987 1295 2083 occideruntque,

321 2084 462 2142 uteret,
486 2067 672 2141 sordidum,
703 2087 744 2130 ne
763 2069 869 2151 cupite
889 2068 1020 2154 quidem
1037 2068 1159 2133 abluto.
1201 2071 1298 2136 Alnus,

322 2153 458 2214 fratrem
480 2149 712 2234 comprehendi
733 2148 867 2224 videns,
901 2171 1003 2234 seque
1022 2151 1150 2235 pariter
1169 2151 1298 2235 proseria

322 2249 411 2318 ptum
426 2233 598 2316 ignorans,
621 2233 692 2304 Me,
714 2253 770 2305 me,
794 2231 918 2316 inquit,
935 2253 1016 2313 purus
1029 2231 1190 2310 interficite.
1231 2237 1298 2293 Tun

324 2317 492 2386 centurio,
516 2317 582 2374 Rem
598 2333 707 2394 aequm
723 2311 850 2393 postulas.
872 2333 1026 2375 eramentu
1036 2313 1211 2396 smptus-es
1222 2319 1290 2396 prior

323 2395 499 2478 ambosque
519 2394 686 2458 interfecit
706 2394 833 2457 ordine.

131 709 213 761 occlto
228 705 293 772 sre-

178 2525 294 2582 Uzmn
384 2517 557 2582 LXXXVI.
588 2515 681 2582 Vidit
698 2533 731 2582 et
746 2517 870 2583 scelera
886 2507 1058 2605 conjugum
1078 2517 1200 2584 isthaec
1216 2537 1277 2584 seta

135 2597 250 2678 ΨΜ·
265 2598 296 2649 ⁶¹¹
324 2601 368 2661 Et
384 2595 575 2682 Septimium
600 2601 730 2684 quidem
750 2619 832 2662 uxor
850 2603 995 2664 adultera
1013 2621 1073 2686 per
1090 2604 1230 2666 amicum
1247 2607 1288 2666 An

137 2675 261 2728 'unm'
325 2680 430 2753 tonii,
460 2698 597 2764 quocum
620 2682 756 2745 habebat
780 2679 880 2768 llupri
907 2685 1195 2759 consuetudinem,
1229 2685 1284 2748 rel

283 2813 287 2822 .
325 2762 462 2826 rendum
490 2763 616 2824 curavit
640 2763 674 2823 in
698 2763 960 2850 proscriptorum
984 2766 1126 2844 tabulas3
1161 2769 1298 2830 etad·

327 2843 561 2926 refugientem,
584 2841 773 2924 dillimulata
789 2845 1006 2920 conscientia,
1028 2848 1189 2922 detinuit,
1214 2851 1299 2912 done

328 2926 531 3012 percuss'orea
554 2927 822 3010 supervenirent:
857 2927 1033 3013 eademque
1056 2929 1111 2992 die
1136 2931 1292 2994 celebravi

329 3029 400 3070 cum
425 3007 573 3068 adultero
596 3009 734 3104 nuptias.
788 3009 958 3084 Salaffum,
990 3011 1101 3153 (quod
1127 3014 1297 3110 Cur-tior„

329 3087 1299 3261 tillidi.lumiliter&tuti'tlttt

330 3250 532 3334 tempestates
552 3273 606 3314 eas
623 3253 789 3316 detonare.
812 3255 869 3316 sed
885 3255 940 3316 ubi
955 3257 1044 3318 venit
1060 3254 1100 3316 ad
1113 3257 1215 3321 aedes
1231 3279 1296 3320 suas

329 3333 477 3396 venditus
496 3332 608 3397 didicit
625 3335 812 3417 ajauitore,
834 3337 890 3421 qni
909 3358 971 3399 una
991 3337 1098 3399 fuerat
1113 3341 1287 3403 transditus

264 3458 268 3483 .
329 3429 380 3488 et,
403 3414 571 3476 abeodem
587 3417 619 3477 in
636 3419 748 3479 cellam
767 3433 938 3503 receptus,
961 3439 1093 3482 uxorem
1112 3420 1216 3482 adciri
1232 3421 1296 3500 julli

329 3516 370 3558 ex
391 3497 480 3556 illius
502 3497 647 3559 sedibus.
695 3501 771 3573 llla,
800 3515 930 3562 noctem
954 3503 1107 3574 caulium,
1138 3501 1295 3587 spopondi

330 3577 510 3640 adfuturum
526 3579 702 3662 pollridie;
724 3581 907 3667 adimitque,
930 3583 1006 3654 aed,
1029 3603 1102 3644 cum
1120 3585 1295 3666 perculsori

328 3660 401 3722 bus.
437 3658 524 3742 quod
551 3661 608 3723 ille
633 3663 839 3746 prospiciens
865 3685 905 3728 ex
932 3665 1064 3727 summis
1091 3665 1245 3738 aedibus,
1274 3685 1299 3728 eu

331 3741 417 3804 enirn
437 3740 544 3802 taedio
565 3742 674 3805 morae
697 3746 857 3820 subierat,
888 3745 929 3808 de
946 3761 1033 3810 tecto
1051 3769 1087 3811 se
1102 3749 1299 3832 praecipite

331 3824 433 3890 dedit.
476 3823 628 3900 Fuluius,
649 3827 688 3888 ad
707 3828 853 3891 mulieris
873 3829 971 3914 sedes
988 3831 1201 3913 confugiens,
1224 3851 1299 3914 quat

331 3909 541 3974 concubinum
566 3930 653 3970 auam
678 3912 924 3988 meminerat,
954 3919 1156 3996 nuptumque
1178 3911 1299 3976 dotata

372 4111 445 4180 Cep.
468 4063 620 4190 XXXXlV.
652 4105 714 4162 (lica
740 4117 797 4174 pro
820 4102 918 4185 Liger:
946 4121 973 4160 c.
995 4117 1038 4159 n.
1072 4099 1205 4176 Appiam.
1243 4100 1294 4158 (ἲν

330 4179 484 4240 cxxxvi.
507 4177 570 4238 Cic.
586 4173 624 4234 nd
639 4177 761 4241 Fumo,
779 4169 819 4230 ιθ.
838 4175 968 4246 Appium·
