2588 4688
317 342 377 389 ιο(
405 323 605 387 attamen.
619 309 1256 386 serracuunroaeu'cmuxxu

176 571 183 589 .
201 535 300 608 apt.
316 547 441 598 rentur.
483 532 535 598 Ad
553 530 741 615 replendam
761 551 861 612 porro
879 533 1004 606 urbem,
1028 555 1110 619 quae
1125 535 1281 618 superioril

196 605 230 661 0·
248 605 294 673 4⁶·
315 617 376 680 bus'
399 616 499 680 bellis
526 614 736 686 uehementer
764 614 924 676 exinanita
950 616 1074 689 suerat,
1106 630 1141 680 'et
1165 617 1281 680 coloniil

252 727 255 736 ¹
315 699 540 762 transmarinis
559 695 772 770 deducendis,
796 717 860 780 quo
878 699 1011 762 circiter
1027 699 1281 797 octoginta-milli

277 801 282 816 '
316 783 435 846 cisium
456 780 706 851 detinebantur,
729 781 853 852 sanxit,
875 802 917 844 ne
936 783 1010 866 quis
1029 781 1113 844 cirus
1132 782 1233 861 major
1248 805 1279 842 an

315 867 367 928 nis
388 865 516 949 viginti,
538 863 686 926 minorve
704 861 925 946 quadraginta,
948 865 1003 949 qui
1019 878 1222 928 ,sacramento
1239 872 1282 942 nol

315 961 503 1019 teneratur,
531 947 604 1030 plus
631 944 774 1006 triennio
798 945 1060 1009 concinnabatis
1078 947 1212 1010 abellet:
1241 967 1282 1012 net

316 1033 390 1114 quis
406 1029 567 1093 senatoris
581 1023 685 1098 lilius,
713 1027 779 1088 nisi
796 1029 1037 1092 contubernalis
1052 1043 1106 1090 aut
1119 1047 1228 1092 comes
1241 1051 1282 1090 ma

292 1112 483 1197 elluatus,
506 1129 648 1194 peregre
669 1107 957 1204 proficisceretur:
987 1131 1071 1173 neve
1091 1109 1144 1183 hi,
1171 1113 1227 1208 qui
1248 1131 1282 1196 pe

314 1195 458 1260 cuariam
475 1193 641 1263 facerent,
670 1211 776 1258 minus
802 1191 898 1254 tertia
922 1209 1015 1278 parte
1036 1191 1197 1278 puberum
1217 1213 1283 1276 unge

205 1305 208 1318 ³
315 1297 454 1340 auorum
473 1277 560 1338 inter
577 1272 720 1360 pastores
740 1269 907 1340 haberent.

145 1403 304 1461 Mutratm
376 1397 524 1463 XXVIII.
554 1397 734 1482 Proposuit
752 1411 784 1458 et
804 1393 863 1470 iis,
888 1395 943 1479 qui
962 1397 1081 1460 multos
1103 1393 1283 1480 suscipereti

129 1475 274 1541 constituit.

316 1481 465 1564 liberos,
486 1479 652 1564 praemia:
684 1491 717 1540 et
739 1497 851 1540 omnes
871 1478 1064 1542 medicinam
1083 1483 1208 1542 Romae
1232 1502 1283 1564 pru

315 1561 434 1632 fellas,
463 1577 496 1624 et
517 1561 700 1623 liberalium
721 1561 836 1622 artium
856 1559 1031 1635 docto-res,
1064 1582 1129 1648 quo
1153 1561 1263 1624 libenti

316 1659 350 1708 et
367 1646 432 1732 ipsi
453 1643 570 1705 urbem
586 1643 788 1716 incolerent,
812 1655 845 1703 et
868 1641 924 1702 alii
943 1643 1156 1727 adpeterent,
1179 1585 1284 1706 civitall

316 1725 459 1789 donavit.
504 1727 657 1808 Sumptus
677 1743 806 1808 quoque
824 1723 961 1796 recidit,
983 1747 1049 1786 uon
1066 1727 1127 1787 lata
1146 1725 1244 1786 modo
1260 1723 1284 1788 dl

315 1810 479 1892 ligenter,
503 1807 559 1868 sed
581 1808 676 1867 etiam
696 1807 838 1867 exercita
857 1805 941 1889 lege.
976 1829 1067 1869 usum
1090 1805 1284 1890 conchyliata

315 1887 412 1952 vellis
429 1903 462 1950 ct
480 1887 744 1972 margaritarum,
773 1887 837 1947 nisi
855 1890 955 1950 certIs
972 1892 1125 1974 personia
1147 1903 1180 1950 et
1201 1891 1284 1950 aetati

315 1972 396 2042 bus,
428 1989 553 2054 perque
577 1961 686 2030 ce'r‘toi
709 1969 800 2042 dies,
831 1967 961 2032 ademit.
998 1972 1125 2034 lecticis
1146 1974 1243 2032 ctiam
1262 1972 1285 2036 ul

316 2067 479 2114 matronas
496 2050 681 2136 prohibuit,
706 2071 787 2134 quae
805 2068 866 2111 uec
885 2051 975 2114 viros
992 2073 1053 2114 nec
1070 2053 1198 2114 liberos
1215 2053 1285 2112 habt

316 2129 410 2205 rent,
442 2148 475 2195 et
497 2133 641 2194 minores
664 2133 765 2194 ell‘ent
785 2133 877 2192 anule
900 2135 1132 2229 quinquagima
1154 2137 1285 2218 quinqut

318 2217 404 2278 circa
422 2215 589 2276 macellum
606 2213 752 2276 cullodes
769 2214 948 2298 disposuit,
972 2218 1029 2300 qui
1046 2217 1184 2299 opsonia
1203 2231 1285 2278 contr

212 2297 216 2304 ’
237 2295 240 2302 '
318 2297 454 2359 vetitum
470 2310 576 2378 empta
586 2298 785 2366 retinerent,
810 2295 1085 2442 deportarentrpue
1102 2297 1142 2358 ad
1160 2317 1217 2360 so:
1239 2299 1286 2454 sup

318 2377 418 2440 millis
436 2397 675 2474 nonnumquam
692 2378 861 2472 lict01·Ibus
879 2391 974 2461 atque
992 2401 1036 2442 ma
1050 2380 1167 2452 itibus,
1190 2381 1261 2474 qui,
1282 2455 1286 2478 ⁴

318 2457 549 2603 pppelpplllpdes
569 2458 778 2532 fefellerant,
808 2477 870 2539 Jam
886 2462 1033 2546 adposita
1052 2483 1071 2524 e
1089 2464 1215 2523 mensis
1234 2481 1286 2545 ipat

165 2601 287 2722 Corrlgt't
379 2647 496 2709 XXIX.
523 2645 672 2710 Correxit
696 2657 729 2710 et
750 2643 863 2720 falles,
891 2648 1082 2733 jampridem
1106 2651 1286 2734 superiorut

138 2719 238 2815 fastos.
260 2775 274 2804 .-

318 2741 501 2813 temporum
522 2727 725 2812 ignorantia,
759 2743 791 2790 et
812 2747 873 2812 per
894 2733 1057 2792 lIcentia'm
1081 2729 1286 2793 intercalandi

319 2809 394 2873 dum
421 2809 595 2896 pontifices
622 2811 655 2870 in
681 2811 815 2895 gratiam
838 2813 1088 2895 publicanorum
1116 2813 1286 2875 extendunt

319 2908 372 2955 aut
392 2891 585 2955 contrahunt
604 2905 768 2974 tempora,
791 2893 835 2953 ita
857 2893 1020 2966 turbatos,
1052 2909 1088 2957 ut
1105 2917 1217 2980 neque
1234 2914 1286 2954 mer

320 2977 402 3035 sium
423 2975 526 3036 leriae
549 2971 675 3044 oessatI,
709 2982 816 3056 neque
838 2975 1073 3037 vindemiarum
1091 2992 1247 3038 autumno
1265 2995 1286 3036 n

320 3056 540 3140 sponderent3
577 3069 609 3117 et
632 3055 712 3135 jam,
746 3055 833 3137 quod
858 3077 898 3117 ex
919 3057 1146 3120 emendatione
1167 3059 1286 3120 Caesari

318 3135 546 3234 intelligitur,
558 3135 614 3232 qui
632 3135 744 3220 quinto
765 3140 871 3198 Nonas
889 3137 1053 3202 Octobres
1075 3141 1140 3204 elle
1160 3139 1286 3202 debucn

259 3243 262 3246 ·
319 3217 410 3290 dies,
441 3237 639 3304 pnncrpuum
662 3217 736 3278 anni
761 3215 947 3282 haberetur.
997 3223 1117 3306 Igitur,
1148 3221 1286 3306 repudiat

318 3313 466 3362 veterum
486 3302 628 3372 ratione,
658 3297 715 3384 qui
735 3301 864 3386 sequuti
885 3303 978 3365 lunae
998 3303 1229 3366 revolutiones
1250 3303 1286 3362 lut

319 3397 411 3454 rant,
443 3381 481 3444 ad
500 3383 580 3444 eolis
599 3401 730 3448 cursum
749 3381 928 3456 ordinavit,
953 3386 1123 3467 Aegyptiis
1145 3383 1286 3446 adhibitis

320 3478 354 3526 et
371 3463 522 3547 principe
540 3463 681 3525 omnium
703 3462 883 3546 sosigene,
906 3485 988 3550 quoa
1004 3465 1225 3530 Alexandriae
1244 3485 1286 3527 eoi

321 3545 482 3620 caluerat,
506 3559 539 3608 et
557 3549 602 3607 M.
618 3545 733 3607 Flavio
752 3545 859 3608 scriba
877 3545 1055 3610 adnitente.

149 3666 306 3746 differtum.
383 3669 485 3729 XXX.
517 3665 581 3729 Sed
605 3669 837 3742 Alexandrini,
870 3671 1016 3732 tricenos
1041 3669 1169 3733 diesin
1189 3689 1286 3732 mensr

320 3749 451 3835 partiti,
475 3749 533 3810 sub
553 3747 650 3812 linem
667 3743 742 3813 duni
761 3751 1072 3848 quiuqua'reIIquos
1090 3751 1262 3815 addebant.
1280 3751 1286 3812 i

321 3877 658 3894 ’.ιι-...ωηα-

354 3941 429 4010 Cap.
441 3937 558 3994 xxvlt.
577 3937 725 3995 CichII.
737 3939 799 4010 r,8.
819 3939 886 3995 Dio.
906 3939 1030 3996 Sueten.
1049 3941 1227 4004 Gaes.c.ds.
1248 3943 1286 3995 eu

319 4009 453 4070 xxvltt.
473 4008 541 4066 Di'o.
562 4007 684 4062 Sueten.
705 4007 774 4064 Dio.
795 4009 1110 4076 Sueten-Caenedd.
1127 4009 1284 4064 Euseh.Cli

320 4097 401 4134 num.
416 4094 500 4146 197²:
511 4075 633 4134 sueton.
670 4077 741 4146 cap.
754 4077 854 4132 xxtx.
874 4077 1004 4150 Appian.
1023 4077 1108 4134 civil.
1118 4078 1144 4136 ¹l.
1157 4096 1183 4132 a.
1195 4079 1246 4134 lin.
1265 4077 1286 4132 81

248 4167 254 4192 s
320 4148 377 4204 tin.
395 4165 421 4201 c.
436 4147 465 4202 3.
484 4145 560 4200 Plut.
580 4147 663 4198 Caes.
685 4143 809 4200 Sueten.
830 4145 970 4213 cuculos
989 4146 1097 4223 scalig.
1113 4145 1151 4204 de
1160 4145 1286 4204 Eruenda

322 4217 427 4288 Temp.
443 4213 464 4269 l.
476 4233 502 4272 a.
519 4211 587 4270 Dio.
602 4211 778 4286 crdppiau.
796 4211 874 4270 Plio.
890 4216 918 4285 d,
935 4219 979 4276 ab.
