<?xml version="1.0" encoding="UTF-8"?>
<!DOCTYPE html PUBLIC "-//W3C//DTD XHTML 1.0 Transitional//EN"
    "http://www.w3.org/TR/xhtml1/DTD/xhtml1-transitional.dtd">
<html xmlns="http://www.w3.org/1999/xhtml" xml:lang="en" lang="en">
 <head>
  <title>
</title>
<meta http-equiv="Content-Type" content="text/html;charset=utf-8" />
  <meta name='ocr-system' content='tesseract 3.04.00' />
  <meta name='ocr-capabilities' content='ocr_page ocr_carea ocr_par ocr_line ocrx_word'/>
</head>
<body>
  <div class='ocr_page' id='page_1' title='image "./tliviipatavinih02drakgoog_0164.png"; bbox 0 0 2596 4686; ppageno 0'>
   <div class='ocr_carea' id='block_1_1' title="bbox 159 305 941 390">
    <p class='ocr_par' dir='ltr' id='par_1_1' title="bbox 159 305 941 390">
     <span class='ocr_line' id='line_1_1' title="bbox 159 305 941 390; baseline -0.003 -18"><span class='ocrx_word' id='word_1_1' title='bbox 159 305 364 372; x_wconf 78' lang='lat' dir='ltr'>unocurt</span> <span class='ocrx_word' id='word_1_2' title='bbox 383 307 465 372; x_wconf 84' lang='lat' dir='ltr'>nna.</span> <span class='ocrx_word' id='word_1_3' title='bbox 487 307 598 373; x_wconf 83' lang='lat' dir='ltr'>orm.</span> <span class='ocrx_word' id='word_1_4' title='bbox 619 305 736 376; x_wconf 83' lang='lat' dir='ltr'>mvn</span> <span class='ocrx_word' id='word_1_5' title='bbox 882 307 941 390; x_wconf 67' lang='lat' dir='ltr'>rs,</span> 
     </span>
    </p>
   </div>
   <div class='ocr_carea' id='block_1_2' title="bbox 24 513 1127 1172">
    <p class='ocr_par' dir='ltr' id='par_1_2' title="bbox 24 513 1127 764">
     <span class='ocr_line' id='line_1_2' title="bbox 24 513 1127 588; baseline 0.005 -12"><span class='ocrx_word' id='word_1_6' title='bbox 24 517 60 576; x_wconf 84' lang='lat' dir='ltr'>sia</span> <span class='ocrx_word' id='word_1_7' title='bbox 77 514 278 588; x_wconf 84' lang='lat' dir='ltr'>enoiuturuus,</span> <span class='ocrx_word' id='word_1_8' title='bbox 310 513 388 578; x_wconf 87' lang='lat' dir='ltr'>licet</span> <span class='ocrx_word' id='word_1_9' title='bbox 408 515 526 578; x_wconf 81' lang='lat' dir='ltr'>nuliam</span> <span class='ocrx_word' id='word_1_10' title='bbox 548 513 591 576; x_wconf 90' lang='lat' dir='ltr'>ob</span> <span class='ocrx_word' id='word_1_11' title='bbox 610 517 830 580; x_wconf 80' lang='lat' dir='ltr'>necessariam</span> <span class='ocrx_word' id='word_1_12' title='bbox 848 539 938 582; x_wconf 85' lang='lat' dir='ltr'>osus·</span> <span class='ocrx_word' id='word_1_13' title='bbox 969 517 1006 576; x_wconf 76' lang='lat' dir='ltr'>U·</span> <span class='ocrx_word' id='word_1_14' title='bbox 1022 537 1050 576; x_wconf 79' lang='lat' dir='ltr'>e·</span> <span class='ocrx_word' id='word_1_15' title='bbox 1062 515 1127 588; x_wconf 72' lang='lat' dir='ltr'>aad.</span> 
     </span>
     <span class='ocr_line' id='line_1_3' title="bbox 24 589 1114 681; baseline 0.002 -21"><span class='ocrx_word' id='word_1_16' title='bbox 24 619 60 660; x_wconf 80' lang='lat' dir='ltr'>san</span> <span class='ocrx_word' id='word_1_17' title='bbox 76 617 114 666; x_wconf 83' lang='lat' dir='ltr'>se,</span> <span class='ocrx_word' id='word_1_18' title='bbox 137 597 254 681; x_wconf 79' lang='lat' dir='ltr'>reliquo</span> <span class='ocrx_word' id='word_1_19' title='bbox 272 596 376 658; x_wconf 86' lang='lat' dir='ltr'>edbuu</span> <span class='ocrx_word' id='word_1_20' title='bbox 393 597 500 671; x_wconf 84' lang='lat' dir='ltr'>bello,</span> <span class='ocrx_word' id='word_1_21' title='bbox 531 597 771 662; x_wconf 71' lang='lat' dir='ltr'>deserentibus.</span> <span class='ocrx_word' id='word_1_22' title='bbox 815 601 881 664; x_wconf 81' lang='lat' dir='ltr'>Sed</span> <span class='ocrx_word' id='word_1_23' title='bbox 905 617 939 665; x_wconf 93' lang='lat' dir='ltr'>et</span> <span class='ocrx_word' id='word_1_24' title='bbox 968 589 1004 646; x_wconf 63' lang='lat'>¹·</span> <span class='ocrx_word' id='word_1_25' title='bbox 1018 590 1052 647; x_wconf 77' lang='lat'>⁰·</span> <span class='ocrx_word' id='word_1_26' title='bbox 1066 597 1114 662; x_wconf 67' lang='lat'>47·</span> 
     </span>
     <span class='ocr_line' id='line_1_4' title="bbox 24 677 938 764; baseline 0.009 -26"><span class='ocrx_word' id='word_1_27' title='bbox 24 701 79 760; x_wconf 70' lang='lat' dir='ltr'>egros</span> <span class='ocrx_word' id='word_1_28' title='bbox 91 679 244 740; x_wconf 76' lang='lat' dir='ltr'>divisorum</span> <span class='ocrx_word' id='word_1_29' title='bbox 263 699 344 764; x_wconf 85' lang='lat' dir='ltr'>pace</span> <span class='ocrx_word' id='word_1_30' title='bbox 357 677 518 752; x_wconf 85' lang='lat' dir='ltr'>reiiituta,</span> <span class='ocrx_word' id='word_1_31' title='bbox 541 682 607 740; x_wconf 82' lang='lat' dir='ltr'>Nan</span> <span class='ocrx_word' id='word_1_32' title='bbox 619 681 740 762; x_wconf 81' lang='lat' dir='ltr'>exempto</span> <span class='ocrx_word' id='word_1_33' title='bbox 753 683 866 756; x_wconf 77' lang='lat' dir='ltr'><em>Sullae,</em></span> <span class='ocrx_word' id='word_1_34' title='bbox 889 684 938 746; x_wconf 85' lang='lat' dir='ltr'>in·</span> 
     </span>
    </p>

    <p class='ocr_par' dir='ltr' id='par_1_3' title="bbox 24 759 941 928">
     <span class='ocr_line' id='line_1_5' title="bbox 24 759 941 846; baseline 0.009 -26"><span class='ocrx_word' id='word_1_35' title='bbox 24 763 74 846; x_wconf 79' lang='lat' dir='ltr'>pit,</span> <span class='ocrx_word' id='word_1_36' title='bbox 88 774 200 841; x_wconf 74' lang='lat' dir='ltr'>ademptas</span> <span class='ocrx_word' id='word_1_37' title='bbox 216 759 291 834; x_wconf 73' lang='lat' dir='ltr'>aliis,</span> <span class='ocrx_word' id='word_1_38' title='bbox 312 783 410 842; x_wconf 81' lang='lat' dir='ltr'>uosque</span> <span class='ocrx_word' id='word_1_39' title='bbox 425 763 565 841; x_wconf 75' lang='lat' dir='ltr'>prioribus</span> <span class='ocrx_word' id='word_1_40' title='bbox 583 763 698 822; x_wconf 75' lang='lat' dir='ltr'>dominis</span> <span class='ocrx_word' id='word_1_41' title='bbox 718 763 889 846; x_wconf 79' lang='lat' dir='ltr'>irnmisasndo</span> <span class='ocrx_word' id='word_1_42' title='bbox 904 769 941 828; x_wconf 71' lang='lat' dir='ltr'>ad</span> 
     </span>
     <span class='ocr_line' id='line_1_6' title="bbox 24 843 938 928; baseline 0.008 -28"><span class='ocrx_word' id='word_1_43' title='bbox 24 845 279 922; x_wconf 55' lang='lat' dir='ltr'>inpensioribus,</span> <span class='ocrx_word' id='word_1_44' title='bbox 297 843 367 925; x_wconf 81' lang='lat' dir='ltr'>sed,</span> <span class='ocrx_word' id='word_1_45' title='bbox 387 861 440 924; x_wconf 80' lang='lat' dir='ltr'>que</span> <span class='ocrx_word' id='word_1_46' title='bbox 459 843 598 924; x_wconf 79' lang='lat' dir='ltr'>publicus,</span> <span class='ocrx_word' id='word_1_47' title='bbox 619 861 705 925; x_wconf 79' lang='lat' dir='ltr'>quave</span> <span class='ocrx_word' id='word_1_48' title='bbox 719 865 793 906; x_wconf 80' lang='lat' dir='ltr'>meus</span> <span class='ocrx_word' id='word_1_49' title='bbox 807 865 872 928; x_wconf 80' lang='lat' dir='ltr'>ager</span> <span class='ocrx_word' id='word_1_50' title='bbox 885 847 938 926; x_wconf 78' lang='lat' dir='ltr'>est,</span> 
     </span>
    </p>

    <p class='ocr_par' dir='ltr' id='par_1_4' title="bbox 24 923 941 1004">
     <span class='ocr_line' id='line_1_7' title="bbox 24 923 941 1004; baseline 0.012 -24"><span class='ocrx_word' id='word_1_51' title='bbox 24 925 121 1003; x_wconf 65' lang='lat' dir='ltr'>opaea,</span> <span class='ocrx_word' id='word_1_52' title='bbox 144 943 183 996; x_wconf 82' lang='lat' dir='ltr'>er,</span> <span class='ocrx_word' id='word_1_53' title='bbox 203 927 276 1004; x_wconf 72' lang='lat' dir='ltr'>quod</span> <span class='ocrx_word' id='word_1_54' title='bbox 295 927 401 996; x_wconf 79' lang='lat' dir='ltr'>deerit,</span> <span class='ocrx_word' id='word_1_55' title='bbox 429 923 615 984; x_wconf 67' lang='lat' dir='ltr'>evadentibus</span> <span class='ocrx_word' id='word_1_56' title='bbox 633 945 727 986; x_wconf 75' lang='lat' dir='ltr'>emen.</span> <span class='ocrx_word' id='word_1_57' title='bbox 770 929 813 990; x_wconf 86' lang='lat' dir='ltr'>Et</span> <span class='ocrx_word' id='word_1_58' title='bbox 834 927 941 992; x_wconf 86' lang='lat' dir='ltr'>adsuit</span> 
     </span>
    </p>

    <p class='ocr_par' dir='ltr' id='par_1_5' title="bbox 24 1003 941 1098">
     <span class='ocr_line' id='line_1_8' title="bbox 24 1003 941 1098; baseline 0.009 -32"><span class='ocrx_word' id='word_1_59' title='bbox 24 1003 158 1066; x_wconf 82' lang='lat' dir='ltr'>irtisides.</span> <span class='ocrx_word' id='word_1_60' title='bbox 184 1008 338 1088; x_wconf 79' lang='lat' dir='ltr'>pecuniae</span> <span class='ocrx_word' id='word_1_61' title='bbox 352 1019 475 1090; x_wconf 85' lang='lat' dir='ltr'>partem</span> <span class='ocrx_word' id='word_1_62' title='bbox 491 1009 759 1091; x_wconf 72' lang='lat' dir='ltr'>repraesentavit,</span> <span class='ocrx_word' id='word_1_63' title='bbox 777 1009 941 1098; x_wconf 86' lang='lat' dir='ltr'>reliquum</span> 
     </span>
    </p>

    <p class='ocr_par' dir='ltr' id='par_1_6' title="bbox 24 1087 663 1172">
     <span class='ocr_line' id='line_1_9' title="bbox 24 1087 663 1172; baseline 0.008 -25"><span class='ocrx_word' id='word_1_64' title='bbox 24 1087 112 1148; x_wconf 79' lang='lat' dir='ltr'>iterun</span> <span class='ocrx_word' id='word_1_65' title='bbox 126 1087 196 1148; x_wconf 81' lang='lat' dir='ltr'>dixit</span> <span class='ocrx_word' id='word_1_66' title='bbox 212 1089 320 1172; x_wconf 86' lang='lat' dir='ltr'>paoiio</span> <span class='ocrx_word' id='word_1_67' title='bbox 336 1087 405 1172; x_wconf 84' lang='lat' dir='ltr'>post</span> <span class='ocrx_word' id='word_1_68' title='bbox 424 1107 496 1150; x_wconf 91' lang='lat' dir='ltr'>cum</span> <span class='ocrx_word' id='word_1_69' title='bbox 514 1089 663 1152; x_wconf 83' lang='lat' dir='ltr'>foenore.</span> 
     </span>
    </p>
   </div>
   <div class='ocr_carea' id='block_1_3' title="bbox 24 1193 1121 2020">
    <p class='ocr_par' dir='ltr' id='par_1_7' title="bbox 24 1193 1120 1934">
     <span class='ocr_line' id='line_1_10' title="bbox 51 1193 1120 1280; baseline 0.013 -29"><span class='ocrx_word' id='word_1_70' title='bbox 51 1197 75 1252; x_wconf 86' lang='lat' dir='ltr'>L.</span> <span class='ocrx_word' id='word_1_71' title='bbox 92 1195 191 1253; x_wconf 86' lang='lat' dir='ltr'>Plausn</span> <span class='ocrx_word' id='word_1_72' title='bbox 207 1193 349 1254; x_wconf 87' lang='lat' dir='ltr'>omnium</span> <span class='ocrx_word' id='word_1_73' title='bbox 364 1193 442 1256; x_wconf 80' lang='lat' dir='ltr'>haec</span> <span class='ocrx_word' id='word_1_74' title='bbox 459 1209 593 1278; x_wconf 79' lang='lat' dir='ltr'>excepte</span> <span class='ocrx_word' id='word_1_75' title='bbox 608 1217 704 1280; x_wconf 89' lang='lat' dir='ltr'>quum</span> <span class='ocrx_word' id='word_1_76' title='bbox 718 1195 858 1272; x_wconf 80' lang='lat' dir='ltr'>iuiiient,</span> <span class='ocrx_word' id='word_1_77' title='bbox 881 1197 939 1262; x_wconf 89' lang='lat' dir='ltr'>de·</span> <span class='ocrx_word' id='word_1_78' title='bbox 971 1207 1120 1264; x_wconf 71' lang='lat' dir='ltr'>Dusnsst</span> 
     </span>
     <span class='ocr_line' id='line_1_11' title="bbox 24 1275 1119 1364; baseline 0.009 -28"><span class='ocrx_word' id='word_1_79' title='bbox 24 1275 93 1336; x_wconf 84' lang='lat' dir='ltr'>nnrni</span> <span class='ocrx_word' id='word_1_80' title='bbox 110 1275 305 1348; x_wconf 83' lang='lat' dir='ltr'>moerebant,</span> <span class='ocrx_word' id='word_1_81' title='bbox 336 1275 398 1338; x_wconf 90' lang='lat' dir='ltr'>sibi</span> <span class='ocrx_word' id='word_1_82' title='bbox 418 1277 605 1340; x_wconf 85' lang='lat' dir='ltr'>nominatim</span> <span class='ocrx_word' id='word_1_83' title='bbox 625 1281 742 1340; x_wconf 87' lang='lat' dir='ltr'>irutunr</span> <span class='ocrx_word' id='word_1_84' title='bbox 763 1281 938 1364; x_wconf 85' lang='lat' dir='ltr'>imperato·</span> <span class='ocrx_word' id='word_1_85' title='bbox 951 1289 1119 1334; x_wconf 63' lang='lat' dir='ltr'>&#39;tutum&#39;</span> 
     </span>
     <span class='ocr_line' id='line_1_12' title="bbox 24 1355 1108 1444; baseline 0.013 -28"><span class='ocrx_word' id='word_1_86' title='bbox 24 1375 55 1416; x_wconf 84' lang='lat' dir='ltr'>en</span> <span class='ocrx_word' id='word_1_87' title='bbox 69 1357 124 1416; x_wconf 80' lang='lat' dir='ltr'>effe.</span> <span class='ocrx_word' id='word_1_88' title='bbox 153 1378 254 1440; x_wconf 88' lang='lat' dir='ltr'>neque</span> <span class='ocrx_word' id='word_1_89' title='bbox 273 1355 461 1420; x_wconf 80' lang='lat' dir='ltr'>destiterunt</span> <span class='ocrx_word' id='word_1_90' title='bbox 482 1358 660 1421; x_wconf 88' lang='lat' dir='ltr'>obtrudere</span> <span class='ocrx_word' id='word_1_91' title='bbox 679 1381 830 1444; x_wconf 81' lang='lat' dir='ltr'>operum,</span> <span class='ocrx_word' id='word_1_92' title='bbox 860 1365 939 1428; x_wconf 87' lang='lat' dir='ltr'>iic&#39;et</span> <span class='ocrx_word' id='word_1_93' title='bbox 952 1365 1052 1420; x_wconf 74' lang='lat' dir='ltr'>quaque</span> <span class='ocrx_word' id='word_1_94' title='bbox 1068 1367 1108 1402; x_wconf 76' lang='lat'>“⁸</span> 
     </span>
     <span class='ocr_line' id='line_1_13' title="bbox 24 1430 1083 1528; baseline 0.011 -32"><span class='ocrx_word' id='word_1_95' title='bbox 24 1453 156 1500; x_wconf 44' lang='lat' dir='ltr'>terrentem</span> <span class='ocrx_word' id='word_1_96' title='bbox 174 1440 204 1498; x_wconf 91' lang='lat' dir='ltr'>in</span> <span class='ocrx_word' id='word_1_97' title='bbox 219 1440 365 1504; x_wconf 80' lang='lat' dir='ltr'>Airicsru</span> <span class='ocrx_word' id='word_1_98' title='bbox 386 1441 524 1524; x_wconf 87' lang='lat' dir='ltr'>sequuti.</span> <span class='ocrx_word' id='word_1_99' title='bbox 567 1441 631 1504; x_wconf 89' lang='lat' dir='ltr'>Sed</span> <span class='ocrx_word' id='word_1_100' title='bbox 654 1441 727 1515; x_wconf 72' lang='lat' dir='ltr'>itta,</span> <span class='ocrx_word' id='word_1_101' title='bbox 750 1444 939 1528; x_wconf 85' lang='lat' dir='ltr'>priusquam</span> <span class='ocrx_word' id='word_1_102' title='bbox 950 1430 1083 1487; x_wconf 53' lang='lat' dir='ltr'><em>‘&#39;m&#39;‘</em></span> 
     </span>
     <span class='ocr_line' id='line_1_14' title="bbox 24 1521 939 1606; baseline 0.015 -30"><span class='ocrx_word' id='word_1_103' title='bbox 24 1521 232 1591; x_wconf 77' lang='lat' dir='ltr'>minisceretur,</span> <span class='ocrx_word' id='word_1_104' title='bbox 256 1543 298 1584; x_wconf 82' lang='lat' dir='ltr'>ex</span> <span class='ocrx_word' id='word_1_105' title='bbox 316 1523 402 1582; x_wconf 90' lang='lat' dir='ltr'>omni</span> <span class='ocrx_word' id='word_1_106' title='bbox 422 1543 555 1584; x_wconf 89' lang='lat' dir='ltr'>numero</span> <span class='ocrx_word' id='word_1_107' title='bbox 574 1523 704 1606; x_wconf 80' lang='lat' dir='ltr'>excepit</span> <span class='ocrx_word' id='word_1_108' title='bbox 720 1525 939 1590; x_wconf 85' lang='lat' dir='ltr'>seditionibus</span> 
     </span>
     <span class='ocr_line' id='line_1_15' title="bbox 24 1603 940 1692; baseline 0.014 -34"><span class='ocrx_word' id='word_1_109' title='bbox 24 1603 131 1663; x_wconf 73' lang='lat' dir='ltr'>sinendis</span> <span class='ocrx_word' id='word_1_110' title='bbox 144 1603 335 1685; x_wconf 83' lang='lat' dir='ltr'>aptissiurus,</span> <span class='ocrx_word' id='word_1_111' title='bbox 357 1625 439 1688; x_wconf 87' lang='lat' dir='ltr'>quos</span> <span class='ocrx_word' id='word_1_112' title='bbox 457 1605 490 1666; x_wconf 90' lang='lat' dir='ltr'>in</span> <span class='ocrx_word' id='word_1_113' title='bbox 506 1605 594 1666; x_wconf 86' lang='lat' dir='ltr'>tteiia</span> <span class='ocrx_word' id='word_1_114' title='bbox 611 1607 831 1689; x_wconf 83' lang='lat' dir='ltr'>relinqueret,</span> <span class='ocrx_word' id='word_1_115' title='bbox 852 1609 940 1692; x_wconf 82' lang='lat' dir='ltr'>agris</span> 
     </span>
     <span class='ocr_line' id='line_1_16' title="bbox 24 1677 940 1763; baseline 0.014 -22"><span class='ocrx_word' id='word_1_116' title='bbox 24 1677 74 1742; x_wconf 80' lang='lat' dir='ltr'>inin</span> <span class='ocrx_word' id='word_1_117' title='bbox 91 1685 174 1758; x_wconf 88' lang='lat' dir='ltr'>datis,</span> <span class='ocrx_word' id='word_1_118' title='bbox 196 1685 283 1748; x_wconf 91' lang='lat' dir='ltr'>unde</span> <span class='ocrx_word' id='word_1_119' title='bbox 304 1706 340 1746; x_wconf 88' lang='lat' dir='ltr'>se</span> <span class='ocrx_word' id='word_1_120' title='bbox 360 1687 548 1748; x_wconf 82' lang='lat' dir='ltr'>tolerarent.</span> <span class='ocrx_word' id='word_1_121' title='bbox 592 1688 746 1748; x_wconf 86' lang='lat' dir='ltr'>Ceterum</span> <span class='ocrx_word' id='word_1_122' title='bbox 764 1701 797 1750; x_wconf 88' lang='lat' dir='ltr'>et</span> <span class='ocrx_word' id='word_1_123' title='bbox 815 1688 884 1763; x_wconf 90' lang='lat' dir='ltr'>bis,</span> <span class='ocrx_word' id='word_1_124' title='bbox 907 1707 940 1755; x_wconf 89' lang='lat' dir='ltr'>et</span> 
     </span>
     <span class='ocr_line' id='line_1_17' title="bbox 24 1763 938 1856; baseline 0.014 -34"><span class='ocrx_word' id='word_1_125' title='bbox 24 1763 299 1850; x_wconf 77' lang='lat' dir='ltr'>irinceps&#39;omnibus,</span> <span class='ocrx_word' id='word_1_126' title='bbox 330 1769 592 1830; x_wconf 75' lang='lat' dir='ltr'>non=continuos</span> <span class='ocrx_word' id='word_1_127' title='bbox 619 1769 800 1850; x_wconf 77' lang='lat' dir='ltr'>sdsignsvit</span> <span class='ocrx_word' id='word_1_128' title='bbox 823 1795 938 1856; x_wconf 75' lang='lat' dir='ltr'>agros,</span> 
     </span>
     <span class='ocr_line' id='line_1_18' title="bbox 24 1849 938 1934; baseline 0.012 -29"><span class='ocrx_word' id='word_1_129' title='bbox 24 1850 98 1930; x_wconf 82' lang='lat' dir='ltr'>equis</span> <span class='ocrx_word' id='word_1_130' title='bbox 113 1849 311 1931; x_wconf 81' lang='lat' dir='ltr'>poiiefforum</span> <span class='ocrx_word' id='word_1_131' title='bbox 332 1851 571 1934; x_wconf 80' lang='lat' dir='ltr'>expelleretur,</span> <span class='ocrx_word' id='word_1_132' title='bbox 595 1865 628 1913; x_wconf 91' lang='lat' dir='ltr'>et</span> <span class='ocrx_word' id='word_1_133' title='bbox 649 1865 683 1914; x_wconf 89' lang='lat' dir='ltr'>ut</span> <span class='ocrx_word' id='word_1_134' title='bbox 702 1851 868 1932; x_wconf 85' lang='lat' dir='ltr'>distractis</span> <span class='ocrx_word' id='word_1_135' title='bbox 889 1857 938 1916; x_wconf 89' lang='lat' dir='ltr'>ni·</span> 
     </span>
    </p>

    <p class='ocr_par' dir='ltr' id='par_1_8' title="bbox 24 1927 1121 2020">
     <span class='ocr_line' id='line_1_19' title="bbox 24 1927 1121 2020; baseline 0.012 -32"><span class='ocrx_word' id='word_1_136' title='bbox 24 1927 39 1988; x_wconf 87' lang='lat' dir='ltr'>ii</span> <span class='ocrx_word' id='word_1_137' title='bbox 54 1933 76 1990; x_wconf 86' lang='lat' dir='ltr'>in</span> <span class='ocrx_word' id='word_1_138' title='bbox 95 1933 189 1993; x_wconf 87' lang='lat' dir='ltr'>turbas</span> <span class='ocrx_word' id='word_1_139' title='bbox 212 1931 332 1994; x_wconf 79' lang='lat' dir='ltr'>virium</span> <span class='ocrx_word' id='word_1_140' title='bbox 357 1933 455 1994; x_wconf 87' lang='lat' dir='ltr'>iuret.</span> <span class='ocrx_word' id='word_1_141' title='bbox 505 1933 636 1995; x_wconf 83' lang='lat' dir='ltr'>Notavit</span> <span class='ocrx_word' id='word_1_142' title='bbox 656 1945 689 1996; x_wconf 91' lang='lat' dir='ltr'>et</span> <span class='ocrx_word' id='word_1_143' title='bbox 711 1953 750 1996; x_wconf 84' lang='lat' dir='ltr'>ex</span> <span class='ocrx_word' id='word_1_144' title='bbox 769 1933 832 2008; x_wconf 90' lang='lat' dir='ltr'>iis,</span> <span class='ocrx_word' id='word_1_145' title='bbox 855 1957 938 2020; x_wconf 89' lang='lat' dir='ltr'>quos</span> <span class='ocrx_word' id='word_1_146' title='bbox 969 1958 1121 2014; x_wconf 63' lang='lat' dir='ltr'>annm,</span> 
     </span>
    </p>
   </div>
   <div class='ocr_carea' id='block_1_4' title="bbox 24 2011 1257 2114">
    <p class='ocr_par' dir='ltr' id='par_1_9' title="bbox 24 2011 1257 2114">
     <span class='ocr_line' id='line_1_20' title="bbox 24 2011 1257 2114; baseline 0.007 -45"><span class='ocrx_word' id='word_1_147' title='bbox 24 2031 77 2071; x_wconf 83' lang='lat' dir='ltr'>em</span> <span class='ocrx_word' id='word_1_148' title='bbox 96 2011 237 2085; x_wconf 85' lang='lat' dir='ltr'>ducebat,</span> <span class='ocrx_word' id='word_1_149' title='bbox 270 2013 485 2076; x_wconf 81' lang='lat' dir='ltr'>ioedissirnum</span> <span class='ocrx_word' id='word_1_150' title='bbox 510 2035 690 2099; x_wconf 84' lang='lat' dir='ltr'>quemque,</span> <span class='ocrx_word' id='word_1_151' title='bbox 723 2035 805 2114; x_wconf 69' lang='lat' dir='ltr'>quos</span> <span class='ocrx_word' id='word_1_152' title='bbox 830 2017 938 2101; x_wconf 80' lang='lat' dir='ltr'>postes</span> <span class='ocrx_word' id='word_1_153' title='bbox 953 2029 1126 2080; x_wconf 67' lang='lat' dir='ltr'>strictorem·-</span> <span class='ocrx_word' id='word_1_154' title='bbox 1253 2067 1257 2078; x_wconf 90' lang='lat'>.</span> 
     </span>
    </p>
   </div>
   <div class='ocr_carea' id='block_1_5' title="bbox 24 2095 1128 2428">
    <p class='ocr_par' dir='ltr' id='par_1_10' title="bbox 24 2095 1128 2428">
     <span class='ocr_line' id='line_1_21' title="bbox 24 2095 1128 2180; baseline 0.01 -26"><span class='ocrx_word' id='word_1_155' title='bbox 24 2095 113 2155; x_wconf 77' lang='lat' dir='ltr'>eductos</span> <span class='ocrx_word' id='word_1_156' title='bbox 129 2098 158 2156; x_wconf 90' lang='lat' dir='ltr'>in</span> <span class='ocrx_word' id='word_1_157' title='bbox 173 2097 319 2158; x_wconf 75' lang='lat' dir='ltr'>Africam</span> <span class='ocrx_word' id='word_1_158' title='bbox 336 2097 494 2180; x_wconf 87' lang='lat' dir='ltr'>periculis</span> <span class='ocrx_word' id='word_1_159' title='bbox 512 2095 650 2176; x_wconf 85' lang='lat' dir='ltr'>objecit,</span> <span class='ocrx_word' id='word_1_160' title='bbox 673 2112 771 2160; x_wconf 88' lang='lat' dir='ltr'>ntrrm</span> <span class='ocrx_word' id='word_1_161' title='bbox 797 2121 837 2160; x_wconf 91' lang='lat' dir='ltr'>ue</span> <span class='ocrx_word' id='word_1_162' title='bbox 852 2117 938 2160; x_wconf 86' lang='lat' dir='ltr'>com·</span> <span class='ocrx_word' id='word_1_163' title='bbox 954 2113 1128 2180; x_wconf 57' lang='grc' dir='ltr'>*ΜΨ*-</span> 
     </span>
     <span class='ocr_line' id='line_1_22' title="bbox 24 2119 1127 2263; baseline 0.008 -29"><span class='ocrx_word' id='word_1_164' title='bbox 24 2177 109 2236; x_wconf 82' lang='lat' dir='ltr'>niiam</span> <span class='ocrx_word' id='word_1_165' title='bbox 131 2195 280 2263; x_wconf 86' lang='lat' dir='ltr'>captans,</span> <span class='ocrx_word' id='word_1_166' title='bbox 309 2177 498 2242; x_wconf 88' lang='lat' dir='ltr'>occiderent</span> <span class='ocrx_word' id='word_1_167' title='bbox 526 2179 594 2250; x_wconf 86' lang='lat' dir='ltr'>iiii,</span> <span class='ocrx_word' id='word_1_168' title='bbox 630 2199 668 2240; x_wconf 89' lang='lat' dir='ltr'>an</span> <span class='ocrx_word' id='word_1_169' title='bbox 697 2119 938 2244; x_wconf 79' lang='lat' dir='ltr'>occiderentur.</span> <span class='ocrx_word' id='word_1_170' title='bbox 950 2167 1127 2234; x_wconf 69' lang='lat' dir='ltr'>i&#39;‘&#39;&#39;‘¹&#39;¹⁵&#39;”&#39;¹‘·</span> 
     </span>
     <span class='ocr_line' id='line_1_23' title="bbox 24 2258 938 2350; baseline 0.013 -34"><span class='ocrx_word' id='word_1_171' title='bbox 24 2258 116 2320; x_wconf 74' lang='lat' dir='ltr'>trivero</span> <span class='ocrx_word' id='word_1_172' title='bbox 132 2281 240 2322; x_wconf 82' lang='lat' dir='ltr'>eorum</span> <span class='ocrx_word' id='word_1_173' title='bbox 260 2283 299 2322; x_wconf 90' lang='lat' dir='ltr'>su</span> <span class='ocrx_word' id='word_1_174' title='bbox 325 2261 495 2324; x_wconf 82' lang='lat' dir='ltr'>eriuerunt</span> <span class='ocrx_word' id='word_1_175' title='bbox 509 2261 650 2334; x_wconf 86' lang='lat' dir='ltr'>casibus,</span> <span class='ocrx_word' id='word_1_176' title='bbox 673 2281 731 2324; x_wconf 89' lang='lat' dir='ltr'>oos</span> <span class='ocrx_word' id='word_1_177' title='bbox 746 2263 795 2324; x_wconf 92' lang='lat' dir='ltr'>sic</span> <span class='ocrx_word' id='word_1_178' title='bbox 809 2280 938 2350; x_wconf 77' lang='lat' dir='ltr'>quoquc</span> 
     </span>
     <span class='ocr_line' id='line_1_24' title="bbox 24 2341 796 2428; baseline 0.008 -28"><span class='ocrx_word' id='word_1_179' title='bbox 24 2341 141 2404; x_wconf 76' lang='lat' dir='ltr'>nodaret</span> <span class='ocrx_word' id='word_1_180' title='bbox 157 2346 225 2428; x_wconf 81' lang='lat' dir='ltr'>agri</span> <span class='ocrx_word' id='word_1_181' title='bbox 244 2343 288 2404; x_wconf 88' lang='lat' dir='ltr'>de</span> <span class='ocrx_word' id='word_1_182' title='bbox 314 2343 393 2404; x_wconf 85' lang='lat' dir='ltr'>inuti</span> <span class='ocrx_word' id='word_1_183' title='bbox 412 2341 509 2406; x_wconf 85' lang='lat' dir='ltr'>tertio</span> <span class='ocrx_word' id='word_1_184' title='bbox 528 2355 621 2426; x_wconf 84' lang='lat' dir='ltr'>parte</span> <span class='ocrx_word' id='word_1_185' title='bbox 639 2343 796 2406; x_wconf 80' lang='lat' dir='ltr'>multavit.</span> 
     </span>
    </p>
   </div>
   <div class='ocr_carea' id='block_1_6' title="bbox 951 2237 1132 2308">
    <p class='ocr_par' dir='ltr' id='par_1_11' title="bbox 951 2237 1132 2308">
     <span class='ocr_line' id='line_1_25' title="bbox 951 2237 1132 2308; baseline -0.011 -20"><span class='ocrx_word' id='word_1_186' title='bbox 951 2237 1132 2308; x_wconf 75' lang='lat' dir='ltr'>taeterpusis.</span> 
     </span>
    </p>
   </div>
   <div class='ocr_carea' id='block_1_7' title="bbox 24 2448 939 3452">
    <p class='ocr_par' dir='ltr' id='par_1_12' title="bbox 24 2448 939 3452">
     <span class='ocr_line' id='line_1_26' title="bbox 43 2448 938 2541; baseline 0.009 -19"><span class='ocrx_word' id='word_1_187' title='bbox 43 2463 76 2524; x_wconf 89' lang='lat' dir='ltr'>Li.</span> <span class='ocrx_word' id='word_1_188' title='bbox 100 2469 184 2538; x_wconf 83' lang='lat' dir='ltr'>Nam,</span> <span class='ocrx_word' id='word_1_189' title='bbox 216 2465 250 2527; x_wconf 90' lang='lat' dir='ltr'>in</span> <span class='ocrx_word' id='word_1_190' title='bbox 280 2465 352 2528; x_wconf 87' lang='lat' dir='ltr'>aliis</span> <span class='ocrx_word' id='word_1_191' title='bbox 378 2463 507 2528; x_wconf 87' lang='lat' dir='ltr'>delictis</span> <span class='ocrx_word' id='word_1_192' title='bbox 534 2448 712 2528; x_wconf 79' lang='lat' dir='ltr'>connireie</span> <span class='ocrx_word' id='word_1_193' title='bbox 738 2463 874 2541; x_wconf 88' lang='lat' dir='ltr'>solitus,</span> <span class='ocrx_word' id='word_1_194' title='bbox 904 2476 938 2530; x_wconf 85' lang='lat' dir='ltr'>et</span> 
     </span>
     <span class='ocr_line' id='line_1_27' title="bbox 24 2545 938 2631; baseline 0.011 -29"><span class='ocrx_word' id='word_1_195' title='bbox 24 2545 66 2604; x_wconf 84' lang='lat' dir='ltr'>ulta</span> <span class='ocrx_word' id='word_1_196' title='bbox 81 2549 161 2608; x_wconf 85' lang='lat' dir='ltr'>militi</span> <span class='ocrx_word' id='word_1_197' title='bbox 182 2548 390 2622; x_wconf 85' lang='lat' dir='ltr'>condonare,</span> <span class='ocrx_word' id='word_1_198' title='bbox 425 2545 614 2610; x_wconf 82' lang='lat' dir='ltr'>desertores</span> <span class='ocrx_word' id='word_1_199' title='bbox 638 2561 734 2631; x_wconf 89' lang='lat' dir='ltr'>atque</span> <span class='ocrx_word' id='word_1_200' title='bbox 761 2551 938 2612; x_wconf 87' lang='lat' dir='ltr'>seditiosos</span> 
     </span>
     <span class='ocr_line' id='line_1_28' title="bbox 24 2617 939 2726; baseline 0.009 -42"><span class='ocrx_word' id='word_1_201' title='bbox 24 2627 194 2706; x_wconf 80' lang='lat' dir='ltr'>rpirrsbititer</span> <span class='ocrx_word' id='word_1_202' title='bbox 216 2629 348 2692; x_wconf 86' lang='lat' dir='ltr'>oderat:</span> <span class='ocrx_word' id='word_1_203' title='bbox 371 2617 457 2714; x_wconf 88' lang='lat' dir='ltr'>quod</span> <span class='ocrx_word' id='word_1_204' title='bbox 478 2642 605 2700; x_wconf 84' lang='lat' dir='ltr'>cetere,</span> <span class='ocrx_word' id='word_1_205' title='bbox 630 2649 712 2714; x_wconf 87' lang='lat' dir='ltr'>quse</span> <span class='ocrx_word' id='word_1_206' title='bbox 729 2648 867 2726; x_wconf 86' lang='lat' dir='ltr'>peccare</span> <span class='ocrx_word' id='word_1_207' title='bbox 886 2650 939 2692; x_wconf 88' lang='lat' dir='ltr'>es·</span> 
     </span>
     <span class='ocr_line' id='line_1_29' title="bbox 24 2709 939 2796; baseline 0.01 -31"><span class='ocrx_word' id='word_1_208' title='bbox 24 2723 49 2767; x_wconf 83' lang='lat' dir='ltr'>rt</span> <span class='ocrx_word' id='word_1_209' title='bbox 63 2713 149 2784; x_wconf 86' lang='lat' dir='ltr'>saliti,</span> <span class='ocrx_word' id='word_1_210' title='bbox 170 2711 208 2772; x_wconf 84' lang='lat' dir='ltr'>ed</span> <span class='ocrx_word' id='word_1_211' title='bbox 231 2713 371 2773; x_wconf 86' lang='lat' dir='ltr'>aliorum</span> <span class='ocrx_word' id='word_1_212' title='bbox 394 2709 560 2789; x_wconf 85' lang='lat' dir='ltr'>injurium,</span> <span class='ocrx_word' id='word_1_213' title='bbox 585 2710 647 2772; x_wconf 90' lang='lat' dir='ltr'>boc</span> <span class='ocrx_word' id='word_1_214' title='bbox 669 2710 708 2771; x_wconf 86' lang='lat' dir='ltr'>ad</span> <span class='ocrx_word' id='word_1_215' title='bbox 730 2711 939 2796; x_wconf 79' lang='lat' dir='ltr'>imperatoris</span> 
     </span>
     <span class='ocr_line' id='line_1_30' title="bbox 24 2791 938 2878; baseline 0.009 -32"><span class='ocrx_word' id='word_1_216' title='bbox 24 2791 129 2854; x_wconf 74' lang='lat' dir='ltr'>erratum</span> <span class='ocrx_word' id='word_1_217' title='bbox 145 2793 349 2878; x_wconf 79' lang='lat' dir='ltr'>pertinebat,</span> <span class='ocrx_word' id='word_1_218' title='bbox 378 2791 596 2876; x_wconf 88' lang='lat' dir='ltr'>nequidqusm</span> <span class='ocrx_word' id='word_1_219' title='bbox 612 2793 865 2857; x_wconf 88' lang='lat' dir='ltr'>dominationem</span> <span class='ocrx_word' id='word_1_220' title='bbox 882 2791 938 2854; x_wconf 87' lang='lat' dir='ltr'>ad·</span> 
     </span>
     <span class='ocr_line' id='line_1_31' title="bbox 24 2873 938 2958; baseline 0.008 -29"><span class='ocrx_word' id='word_1_221' title='bbox 24 2875 114 2945; x_wconf 80' lang='lat' dir='ltr'>nantis,</span> <span class='ocrx_word' id='word_1_222' title='bbox 134 2879 159 2938; x_wconf 91' lang='lat' dir='ltr'>si</span> <span class='ocrx_word' id='word_1_223' title='bbox 176 2875 356 2946; x_wconf 84' lang='lat' dir='ltr'>exercitus,</span> <span class='ocrx_word' id='word_1_224' title='bbox 379 2893 555 2957; x_wconf 87' lang='lat' dir='ltr'>perquem</span> <span class='ocrx_word' id='word_1_225' title='bbox 576 2889 704 2936; x_wconf 88' lang='lat' dir='ltr'>ceteros</span> <span class='ocrx_word' id='word_1_226' title='bbox 722 2877 756 2936; x_wconf 90' lang='lat' dir='ltr'>in</span> <span class='ocrx_word' id='word_1_227' title='bbox 776 2873 938 2958; x_wconf 88' lang='lat' dir='ltr'>obsequio</span> 
     </span>
     <span class='ocr_line' id='line_1_32' title="bbox 24 2955 937 3042; baseline 0.009 -32"><span class='ocrx_word' id='word_1_228' title='bbox 24 2957 148 3030; x_wconf 83' lang='lat' dir='ltr'>ntineret,</span> <span class='ocrx_word' id='word_1_229' title='bbox 178 2977 302 3019; x_wconf 84' lang='lat' dir='ltr'>exuere</span> <span class='ocrx_word' id='word_1_230' title='bbox 327 2955 519 3040; x_wconf 85' lang='lat' dir='ltr'>obsequium</span> <span class='ocrx_word' id='word_1_231' title='bbox 546 2957 618 3041; x_wconf 90' lang='lat' dir='ltr'>ipse</span> <span class='ocrx_word' id='word_1_232' title='bbox 646 2957 811 3042; x_wconf 79' lang='lat' dir='ltr'>coepiiiet.</span> <span class='ocrx_word' id='word_1_233' title='bbox 855 2957 937 3018; x_wconf 90' lang='lat' dir='ltr'>tnsi·</span> 
     </span>
     <span class='ocr_line' id='line_1_33' title="bbox 24 3035 937 3122; baseline 0.001 -25"><span class='ocrx_word' id='word_1_234' title='bbox 24 3035 127 3100; x_wconf 74' lang='lat' dir='ltr'>dabatur</span> <span class='ocrx_word' id='word_1_235' title='bbox 144 3055 248 3102; x_wconf 86' lang='lat' dir='ltr'>truten</span> <span class='ocrx_word' id='word_1_236' title='bbox 272 3059 290 3098; x_wconf 86' lang='lat' dir='ltr'>s</span> <span class='ocrx_word' id='word_1_237' title='bbox 310 3039 497 3122; x_wconf 86' lang='lat' dir='ltr'>plerisque,</span> <span class='ocrx_word' id='word_1_238' title='bbox 528 3038 616 3122; x_wconf 86' lang='lat' dir='ltr'>quod</span> <span class='ocrx_word' id='word_1_239' title='bbox 637 3051 754 3101; x_wconf 81' lang='lat' dir='ltr'>tentem</span> <span class='ocrx_word' id='word_1_240' title='bbox 774 3040 937 3102; x_wconf 78' lang='lat' dir='ltr'>exercitus</span> 
     </span>
     <span class='ocr_line' id='line_1_34' title="bbox 24 3120 938 3215; baseline 0.003 -38"><span class='ocrx_word' id='word_1_241' title='bbox 24 3121 113 3178; x_wconf 76' lang='lat' dir='ltr'>eruar</span> <span class='ocrx_word' id='word_1_242' title='bbox 129 3143 188 3184; x_wconf 89' lang='lat' dir='ltr'>non</span> <span class='ocrx_word' id='word_1_243' title='bbox 208 3121 292 3184; x_wconf 77' lang='lat' dir='ltr'>ess&#39;et</span> <span class='ocrx_word' id='word_1_244' title='bbox 310 3120 460 3182; x_wconf 82' lang='lat' dir='ltr'>severius</span> <span class='ocrx_word' id='word_1_245' title='bbox 478 3135 693 3204; x_wconf 81' lang='lat' dir='ltr'>exsequutus,</span> <span class='ocrx_word' id='word_1_246' title='bbox 716 3121 803 3215; x_wconf 44' lang='lat' dir='ltr'>quin,</span> <span class='ocrx_word' id='word_1_247' title='bbox 811 3135 843 3183; x_wconf 91' lang='lat' dir='ltr'>et</span> <span class='ocrx_word' id='word_1_248' title='bbox 858 3121 938 3182; x_wconf 89' lang='lat' dir='ltr'>ami-</span> 
     </span>
     <span class='ocr_line' id='line_1_35' title="bbox 24 3201 937 3274; baseline 0.013 -21"><span class='ocrx_word' id='word_1_249' title='bbox 24 3204 150 3265; x_wconf 78' lang='lat' dir='ltr'>irretitis</span> <span class='ocrx_word' id='word_1_250' title='bbox 164 3203 295 3268; x_wconf 79' lang='lat' dir='ltr'>crimini</span> <span class='ocrx_word' id='word_1_251' title='bbox 312 3202 478 3274; x_wconf 83' lang='lat' dir='ltr'>debentur,</span> <span class='ocrx_word' id='word_1_252' title='bbox 492 3201 681 3266; x_wconf 72' lang='lat' dir='ltr'>Dolabellae</span> <span class='ocrx_word' id='word_1_253' title='bbox 697 3201 808 3274; x_wconf 80' lang='lat' dir='ltr'>furor,</span> <span class='ocrx_word' id='word_1_254' title='bbox 827 3203 937 3264; x_wconf 87' lang='lat' dir='ltr'>ebrio·</span> 
     </span>
     <span class='ocr_line' id='line_1_36' title="bbox 24 3283 937 3368; baseline 0.007 -28"><span class='ocrx_word' id='word_1_255' title='bbox 24 3285 190 3358; x_wconf 62' lang='lat' dir='ltr'>nutrierit,</span> <span class='ocrx_word' id='word_1_256' title='bbox 220 3285 458 3368; x_wconf 86' lang='lat' dir='ltr'>intemperies,</span> <span class='ocrx_word' id='word_1_257' title='bbox 489 3283 601 3356; x_wconf 83' lang='lat' dir='ltr'>iosus,</span> <span class='ocrx_word' id='word_1_258' title='bbox 630 3283 762 3366; x_wconf 77' lang='lat' dir='ltr'>rapinae</span> <span class='ocrx_word' id='word_1_259' title='bbox 780 3285 937 3368; x_wconf 89' lang='lat' dir='ltr'>plurimo·</span> 
     </span>
     <span class='ocr_line' id='line_1_37' title="bbox 24 3365 938 3452; baseline 0.002 -26"><span class='ocrx_word' id='word_1_260' title='bbox 24 3379 56 3420; x_wconf 76' lang='lat' dir='ltr'>tu·</span> <span class='ocrx_word' id='word_1_261' title='bbox 86 3365 156 3442; x_wconf 82' lang='lat' dir='ltr'>Sed,</span> <span class='ocrx_word' id='word_1_262' title='bbox 175 3367 229 3430; x_wconf 83' lang='lat' dir='ltr'>ista</span> <span class='ocrx_word' id='word_1_263' title='bbox 250 3387 442 3452; x_wconf 79' lang='lat' dir='ltr'>qurrnqoaur</span> <span class='ocrx_word' id='word_1_264' title='bbox 461 3385 522 3426; x_wconf 88' lang='lat' dir='ltr'>neo</span> <span class='ocrx_word' id='word_1_265' title='bbox 540 3367 708 3448; x_wconf 71' lang='lat' dir='ltr'>ignoraret</span> <span class='ocrx_word' id='word_1_266' title='bbox 724 3367 853 3438; x_wconf 85' lang='lat' dir='ltr'>Caesar,</span> <span class='ocrx_word' id='word_1_267' title='bbox 877 3385 938 3428; x_wconf 90' lang='lat' dir='ltr'>nec</span> 
     </span>
    </p>
   </div>
   <div class='ocr_carea' id='block_1_8' title="bbox 24 3443 938 3592">
    <p class='ocr_par' dir='ltr' id='par_1_13' title="bbox 24 3443 938 3592">
     <span class='ocr_line' id='line_1_38' title="bbox 24 3443 938 3584; baseline -0.001 -75"><span class='ocrx_word' id='word_1_268' title='bbox 24 3443 123 3584; x_wconf 53' lang='lat' dir='ltr'>tphburt,</span> <span class='ocrx_word' id='word_1_269' title='bbox 141 3453 215 3536; x_wconf 81' lang='lat' dir='ltr'>quis</span> <span class='ocrx_word' id='word_1_270' title='bbox 232 3451 393 3512; x_wconf 82' lang='lat' dir='ltr'>meliores</span> <span class='ocrx_word' id='word_1_271' title='bbox 412 3467 478 3510; x_wconf 89' lang='lat' dir='ltr'>nou</span> <span class='ocrx_word' id='word_1_272' title='bbox 495 3447 634 3510; x_wconf 86' lang='lat' dir='ltr'>bubebet</span> <span class='ocrx_word' id='word_1_273' title='bbox 652 3443 865 3522; x_wconf 78' lang='lat' dir='ltr'>administros,</span> <span class='ocrx_word' id='word_1_274' title='bbox 887 3445 938 3508; x_wconf 88' lang='lat' dir='ltr'>bis</span> 
     </span>
     <span class='ocr_line' id='line_1_39' title="bbox 55 3543 115 3592; baseline 0.133 -8"><span class='ocrx_word' id='word_1_275' title='bbox 55 3543 115 3592; x_wconf 66' lang='lat' dir='ltr'>diurn</span> 
     </span>
    </p>
   </div>
   <div class='ocr_carea' id='block_1_9' title="bbox 24 3633 1097 3890">
    <p class='ocr_par' dir='ltr' id='par_1_14' title="bbox 24 3633 1097 3890">
     <span class='ocr_line' id='line_1_40' title="bbox 43 3633 1095 3721; baseline -0.005 -19"><span class='ocrx_word' id='word_1_276' title='bbox 43 3633 88 3695; x_wconf 68' lang='grc' dir='ltr'>ΠΙ.</span> <span class='ocrx_word' id='word_1_277' title='bbox 111 3641 173 3702; x_wconf 81' lang='lat' dir='ltr'>iarn</span> <span class='ocrx_word' id='word_1_278' title='bbox 191 3639 310 3701; x_wconf 84' lang='lat' dir='ltr'>bruma</span> <span class='ocrx_word' id='word_1_279' title='bbox 328 3653 416 3714; x_wconf 88' lang='lat' dir='ltr'>erat,</span> <span class='ocrx_word' id='word_1_280' title='bbox 446 3651 498 3710; x_wconf 91' lang='lat' dir='ltr'>et,</span> <span class='ocrx_word' id='word_1_281' title='bbox 528 3636 585 3721; x_wconf 88' lang='lat' dir='ltr'>qui</span> <span class='ocrx_word' id='word_1_282' title='bbox 602 3634 746 3698; x_wconf 78' lang='lat' dir='ltr'>Airicsm</span> <span class='ocrx_word' id='word_1_283' title='bbox 768 3633 939 3708; x_wconf 82' lang='lat' dir='ltr'>tenebunt,</span> <span class='ocrx_word' id='word_1_284' title='bbox 970 3633 1095 3720; x_wconf 63' lang='lat' dir='ltr'>Prorutis</span> 
     </span>
     <span class='ocr_line' id='line_1_41' title="bbox 24 3703 1097 3804; baseline 0.004 -33"><span class='ocrx_word' id='word_1_285' title='bbox 24 3709 85 3789; x_wconf 79' lang='lat' dir='ltr'>ties,</span> <span class='ocrx_word' id='word_1_286' title='bbox 104 3742 190 3804; x_wconf 83' lang='lat' dir='ltr'>quum</span> <span class='ocrx_word' id='word_1_287' title='bbox 208 3721 481 3804; x_wconf 87' lang='lat' dir='ltr'>occupationibus</span> <span class='ocrx_word' id='word_1_288' title='bbox 496 3717 661 3788; x_wconf 87' lang='lat' dir='ltr'>Caesaris,</span> <span class='ocrx_word' id='word_1_289' title='bbox 684 3731 750 3780; x_wconf 88' lang='lat' dir='ltr'>tora</span> <span class='ocrx_word' id='word_1_290' title='bbox 768 3717 842 3780; x_wconf 83' lang='lat' dir='ltr'>enni</span> <span class='ocrx_word' id='word_1_291' title='bbox 857 3731 939 3780; x_wconf 88' lang='lat' dir='ltr'>tem·</span> <span class='ocrx_word' id='word_1_292' title='bbox 954 3703 1097 3776; x_wconf 61' lang='lat' dir='ltr'>ditem·</span> 
     </span>
     <span class='ocr_line' id='line_1_42' title="bbox 24 3799 940 3890; baseline -0.008 -22"><span class='ocrx_word' id='word_1_293' title='bbox 24 3809 68 3868; x_wconf 84' lang='lat' dir='ltr'>ne,</span> <span class='ocrx_word' id='word_1_294' title='bbox 86 3801 210 3866; x_wconf 83' lang='lat' dir='ltr'>clausurn</span> <span class='ocrx_word' id='word_1_295' title='bbox 227 3805 261 3866; x_wconf 87' lang='lat' dir='ltr'>ei</span> <span class='ocrx_word' id='word_1_296' title='bbox 276 3811 365 3868; x_wconf 82' lang='lat' dir='ltr'>m&#39;are</span> <span class='ocrx_word' id='word_1_297' title='bbox 380 3803 544 3890; x_wconf 83' lang='lat' dir='ltr'>putabant.</span> <span class='ocrx_word' id='word_1_298' title='bbox 587 3799 653 3864; x_wconf 86' lang='lat' dir='ltr'>Sed</span> <span class='ocrx_word' id='word_1_299' title='bbox 666 3799 723 3864; x_wconf 88' lang='lat' dir='ltr'>iile</span> <span class='ocrx_word' id='word_1_300' title='bbox 741 3799 835 3863; x_wconf 83' lang='lat' dir='ltr'>solite</span> <span class='ocrx_word' id='word_1_301' title='bbox 852 3800 940 3862; x_wconf 88' lang='lat' dir='ltr'>cele·</span> 
     </span>
    </p>
   </div>
   <div class='ocr_carea' id='block_1_10' title="bbox 24 3919 288 3942">
    <p class='ocr_par' dir='ltr' id='par_1_15' title="bbox 24 3919 288 3942">
     <span class='ocr_line' id='line_1_43' title="bbox 24 3919 288 3942; baseline 0.004 -1"><span class='ocrx_word' id='word_1_302' title='bbox 24 3919 288 3942; x_wconf 37' lang='grc' dir='ltr'>Ἢ...-</span> 
     </span>
    </p>
   </div>
   <div class='ocr_carea' id='block_1_11' title="bbox 24 3970 942 4262">
    <p class='ocr_par' dir='ltr' id='par_1_16' title="bbox 24 3970 942 4262">
     <span class='ocr_line' id='line_1_44' title="bbox 26 3970 942 4072; baseline -0.011 -24"><span class='ocrx_word' id='word_1_303' title='bbox 26 3981 167 4056; x_wconf 64' lang='lat' dir='ltr'>etnim.</span> <span class='ocrx_word' id='word_1_304' title='bbox 184 3993 317 4067; x_wconf 71' lang='lat' dir='ltr'>Appian.</span> <span class='ocrx_word' id='word_1_305' title='bbox 334 3991 403 4047; x_wconf 86' lang='lat' dir='ltr'>Dio.</span> <span class='ocrx_word' id='word_1_306' title='bbox 441 3971 513 4065; x_wconf 74' lang='lat' dir='ltr'>Gap.</span> <span class='ocrx_word' id='word_1_307' title='bbox 523 3970 562 4046; x_wconf 68' lang='lat'>¹1..</span> <span class='ocrx_word' id='word_1_308' title='bbox 582 3986 708 4060; x_wconf 76' lang='lat' dir='ltr'>Appisn.</span> <span class='ocrx_word' id='word_1_309' title='bbox 729 3983 853 4072; x_wconf 75' lang='lat' dir='ltr'>Suetop.</span> <span class='ocrx_word' id='word_1_310' title='bbox 872 3981 942 4038; x_wconf 90' lang='lat' dir='ltr'>Dio.</span> 
     </span>
     <span class='ocr_line' id='line_1_45' title="bbox 24 4057 940 4130; baseline -0.001 -23"><span class='ocrx_word' id='word_1_311' title='bbox 24 4061 172 4118; x_wconf 70' lang='lat' dir='ltr'>mundns.</span> <span class='ocrx_word' id='word_1_312' title='bbox 192 4065 280 4120; x_wconf 67' lang='lat' dir='ltr'>cdd.</span> <span class='ocrx_word' id='word_1_313' title='bbox 308 4061 376 4117; x_wconf 87' lang='lat' dir='ltr'>Dio.</span> <span class='ocrx_word' id='word_1_314' title='bbox 403 4059 527 4116; x_wconf 86' lang='lat' dir='ltr'>Sueten.</span> <span class='ocrx_word' id='word_1_315' title='bbox 564 4059 635 4130; x_wconf 84' lang='lat' dir='ltr'>Cep.</span> <span class='ocrx_word' id='word_1_316' title='bbox 655 4057 703 4110; x_wconf 86' lang='lat' dir='ltr'>bl.</span> <span class='ocrx_word' id='word_1_317' title='bbox 727 4057 797 4110; x_wconf 79' lang='lat' dir='ltr'>Dru.</span> <span class='ocrx_word' id='word_1_318' title='bbox 817 4059 940 4108; x_wconf 75' lang='lat' dir='ltr'>burton·</span> 
     </span>
     <span class='ocr_line' id='line_1_46' title="bbox 24 4123 941 4262; baseline -0.017 -72"><span class='ocrx_word' id='word_1_319' title='bbox 24 4132 303 4262; x_wconf 48' lang='lat' dir='ltr'>i&#39;il&#39;ffitddffl&#39;</span> <span class='ocrx_word' id='word_1_320' title='bbox 330 4131 423 4188; x_wconf 75' lang='lat' dir='ltr'>Suet.</span> <span class='ocrx_word' id='word_1_321' title='bbox 444 4129 511 4204; x_wconf 66' lang='lat' dir='ltr'>bd.</span> <span class='ocrx_word' id='word_1_322' title='bbox 539 4125 616 4186; x_wconf 78' lang='lat' dir='ltr'>etur.</span> <span class='ocrx_word' id='word_1_323' title='bbox 645 4125 765 4182; x_wconf 81' lang='lat' dir='ltr'>Sueten.</span> <span class='ocrx_word' id='word_1_324' title='bbox 793 4123 878 4176; x_wconf 82' lang='lat' dir='ltr'>Cres.</span> <span class='ocrx_word' id='word_1_325' title='bbox 895 4135 941 4188; x_wconf 73' lang='lat' dir='ltr'>ps.</span> 
     </span>
    </p>
   </div>
   <div class='ocr_carea' id='block_1_12' title="bbox 0 0 1302 4686">
    <p class='ocr_par' dir='ltr' id='par_1_17' title="bbox 0 0 1302 4686">
     <span class='ocr_line' id='line_1_47' title="bbox 0 0 1302 4686; baseline 0 0"><span class='ocrx_word' id='word_1_326' title='bbox 0 0 1302 4686; x_wconf 95' lang='lat' dir='ltr'> </span> 
     </span>
    </p>
   </div>
  </div>
 </body>
</html>
