2596 4686
138 507 175 636 ql.
196 509 296 580 epam
310 529 379 590 tes,
409 527 535 578 mutare
551 509 742 584 eonsilium,
770 522 804 573 et
821 505 931 572 medio
949 481 1064 597 campo
1079 507 1240 594 redintegr

171 583 224 637 ιθ·
240 583 285 648 ⁴⁶·
308 617 447 684 pugnam
467 596 658 684 adegerunt.

139 742 290 798 suut„
371 723 426 784 lll.
452 719 561 806 Quum
577 719 631 782 itast
637 719 879 804 proeliarentur
892 715 1017 790 helles,
1038 729 1078 778 ut
1089 695 1163 778 cum
1179 716 1248 814 equi

119 815 225 868 strenae
248 831 288 866 re·
309 817 344 865 tu
360 803 446 865 levis
462 801 1087 887 armaturaNumidarum,procurreret;
1114 812 1231 861 coortas

117 882 296 958 t‘ffllhsses.
309 885 387 949 inde
401 884 623 956 Caesarianis,
646 885 775 982 equites
792 884 996 968 refugerent,
1019 879 1123 966 pedes
1140 881 1246 964 excipe

310 981 493 1040 certamen,
516 965 621 1030 donee
635 968 701 1040 ills,
723 979 891 1051 resumpto
902 987 1018 1037 cursu,
1043 965 1162 1028 iterum
1172 963 1242 1025 inre

309 1063 444 1128 rentur3
466 1069 569 1146 eaque
589 1049 754 1134 pugnandi
772 1049 878 1112 forma
894 1069 978 1112 nora
996 1062 1030 1111 et
1045 1045 1206 1110 terribilis
1223 1047 1245 1108 C

193 1183 197 1192 .
259 1163 263 1170 ·
312 1132 451 1196 surianis
471 1132 689 1213 oblineretur3
723 1133 843 1202 Caesar
863 1131 1032 1216 negotium
1053 1129 1121 1191 suis
1138 1127 1242 1198 dedit,

312 1214 402 1278 omni
421 1229 537 1276 conatu
559 1214 790 1278 submoverent
808 1212 935 1290 belles,
964 1226 1060 1296 atque
1081 1211 1164 1272 ultra
1182 1207 1260 1294 poll

311 1317 402 1370 auos,
426 1298 481 1381 qui
500 1297 715 1379 apparebant,
738 1298 840 1360 eolles
859 1291 1104 1382 proturbarent.
1145 1297 1226 1354 Tum

310 1399 399 1475 mum
415 1377 580 1464 pugnandi
597 1375 672 1442 finis
693 1378 737 1442 est
755 1380 879 1477 lactus,
914 1376 1066 1475 'aliquam
1083 1376 1122 1438 ab
1139 1374 1218 1436 bora
1236 1375 1264 1436 d·

311 1459 880 1608 tlttttltttltltltttlt
896 1474 1078 1614 tltfflt
1093 1458 1252 1604 ellel

311 1623 574 1688 adversariorum
603 1627 805 1690 vulneribus.
852 1623 1006 1702 Petreius
1035 1626 1132 1688 etiam
1184 1622 1249 1684 rari

309 1703 397 1770 ictus
415 1705 738 1804 deseruitpuguapas
761 1708 838 1782 aed,
859 1707 1080 1803 neceffitatem
1095 1641 1251 1774 diffigmh

308 1791 929 1954 atteratetrztttttttt’:
944 1787 1280 1948 allaterat,

305 1969 451 2094 quorum
470 1951 626 2016 maximus
645 1952 708 2016 fuit
727 1975 898 2028 numerus,
929 1951 1077 2038 plaustris
1092 1903 1286 2036 Adrumetnti

331 2033 471 2116 eportati
491 2048 576 2096 sunt.
617 2035 669 2096 Eo
691 2037 821 2122 proelio
842 2034 972 2121 quidam
990 2049 1140 2100 auctores
1159 2046 1236 2096 suut
1252 2031 1286 2092 su

305 2113 451 2198 gieutem
468 2115 678 2200 aquiliferum
697 2139 715 2178 a
730 2121 869 2182 Caesare
887 2131 1074 2202 eomeptum
1094 2112 1287 2179 conversuml

304 2216 371 2292 que
388 2195 504 2270 luiffe,
530 2206 603 2261 cuni
621 2197 728 2270 dicto,
749 2200 792 2262 bic
811 2199 895 2280 hostes
908 2199 999 2280 sarar!
1028 2213 1124 2284 atque
1144 2197 1244 2260 nnius
1263 2195 1288 2276 il,

275 2337 277 2342 .
302 2277 370 2342 laus
388 2279 542 2342 virtutem
561 2279 657 2343 saluti
677 2281 772 2348 suillo
791 2281 931 2358 ceteris,
954 2281 984 2350 si
1000 2281 1123 2368 absque
1139 2279 1198 2342 illo
1214 2279 1289 2354 eliel

303 2359 528 2426 indubitanter
547 2363 720 2449 perituris.

129 2499 318 2555 casarea..
366 2486 408 2548 X.
439 2485 519 2550 lude
545 2486 665 2550 Caesar
690 2505 763 2549 eum
789 2487 857 2550 suis
882 2487 918 2550 in
938 2484 1038 2550 eastra
1060 2504 1096 2547 se
1116 2504 1194 2548 rece
1220 2483 1247 2546 it
1263 2479 1289 2544 ai

107 2569 168 2650 1'9
182 2567 290 2622 ⁶³1³·-
304 2568 503 2653 Ruspinam,
526 2587 629 2652 eaque
647 2567 755 2632 mollis
771 2569 922 2632 omnibus
939 2568 1141 2632 communire
1155 2505 1289 2628 iniiam

110 2651 287 2718 'mmm
304 2651 392 2714 vallo
410 2649 450 2713 ab
468 2649 592 2736 oppido
610 2647 651 2712 ad
666 2670 775 2724 mare,
797 2651 942 2736 itemque
962 2651 1066 2713 altero
1084 2671 1103 2712 a
1118 2647 1231 2712 nsllris
1249 2667 1289 2710 eo

111 2715 210 2761 ''¹¹⁸¹''
304 2731 379 2795 dem
400 2731 572 2817 perducto.
614 2736 713 2806 Nam,
742 2753 761 2794 a
784 2733 996 2817 paucioribus
1019 2733 1104 2794 male
1130 2745 1283 2815 acceptus

304 2815 495 2900 Scipionem
514 2812 600 2876 baud
620 2813 739 2894 injuria
757 2815 941 2888 metuebat,
975 2815 1032 2899 qui
1052 2811 1122 2900 poll
1140 2811 1289 2911 proeliuu

303 2895 425 2960 iactum
441 2896 496 2959 die
513 2895 626 2968 tertio,
648 2915 720 2958 euna
736 2897 921 2982 legionibus
936 2911 1012 2960 octo
1028 2909 1063 2962 et
1073 2909 1220 2979 squatum
1231 2893 1289 2955 mil

302 2977 391 3044 libus
414 2991 571 3064 quatuor,
595 2976 773 3042 adventare
794 2978 1018 3042 nunciabatur.
1059 2981 1111 3049 ls,
1137 2974 1289 3062 poliqueu

303 3059 430 3132 adluit,
452 3057 672 3134 collaudatos,
695 3060 751 3144 qui
769 3061 919 3146 proximo
937 3059 1067 3144 proelio
1086 3079 1156 3124 rem
1174 3055 1289 3120 strenui

303 3143 482 3225 geffcrant,
513 3139 635 3202 milites
656 3161 718 3236 pro
738 3145 898 3206 concione
919 3141 1070 3214 donarit,
1098 3154 1135 3204 ut
1155 3140 1287 3204 alacrite

303 3237 371 3290 sem
394 3243 527 3288 suornm
548 3221 730 3287 bonoribus
749 3238 782 3286 et
797 3225 953 3310 praemiis
973 3224 1135 3288 incitaret.
1178 3222 1229 3284 lbi
1248 3244 1289 3285 re

304 3305 424 3370 accidit
449 3326 514 3366 non
541 3301 674 3386 indigna
697 3305 813 3369 relatu.
855 3306 1020 3370 Labienus
1043 3306 1188 3390 equitem
1213 3323 1286 3368 com

239 3457 243 3465 ⁸
302 3386 475 3450 tetendebat
490 3385 701 3469 imperatori,
723 3407 838 3450 aureas
855 3389 998 3451 armillas
1014 3387 1165 3450 mernill‘e
1180 3385 1289 3450 confir

301 3487 405 3531 mans.
449 3469 493 3530 At
507 3467 621 3550 Scipio
636 3467 769 3531 nolebat
786 3469 876 3544 dare,
900 3470 975 3555 quia
991 3489 1097 3554 nuper
1112 3467 1170 3532 ille
1184 3488 1289 3532 servm

300 3549 429 3612 fucratt
452 3550 687 3612 revilesceret
705 3547 911 3613 castrensium
928 3551 1087 3614 donorum
1102 3549 1221 3612 bonor.
1254 3551 1289 3612 lb

242 3685 247 3696 .
299 3627 465 3696 Labienus
481 3629 623 3694 armillae
642 3629 748 3714 equiti
765 3632 856 3696 dedit
872 3653 911 3696 ex
924 3633 1048 3696 Gallica
1062 3631 1193 3718 praeda.
1216 3635 1289 3693 Tun

301 3712 437 3798 Scipio,
469 3713 608 3784 Habebis,
630 3711 755 3796 inquit,
785 3716 885 3776 donam
903 3719 961 3775 viri
978 3717 1086 3776 divitis.
1129 3713 1181 3776 Ad
1203 3735 1289 3797 quan

297 3813 415 3858 vocem
439 3793 593 3857 submill'e
618 3793 708 3856 rultn
728 3815 830 3880 eques
849 3797 989 3894 projecit
1007 3817 1121 3860 aurum
1139 3796 1180 3858 acl
1195 3795 1289 3880 pedes

296 3877 448 3940 Labieni.
490 3876 586 3950 Mox,
618 3873 749 3940 (licente
773 3879 950 3966 Scipione,
981 3880 1140 3963 Imperator
1163 3880 1289 3961 argentei

332 4063 405 4138 Gap.
418 4065 468 4122 lx.
488 4061 558 4126 Dio.
578 4061 664 4120 Auct.
680 4063 717 4120 ‹le
731 4069 768 4126 Β.
784 4065 880 4124 Afric.
898 4065 1028 4140 Appiae.
1047 4063 1134 4122 Auct.
1155 4061 1191 4124 ds
1210 4067 1247 4126 B.
1265 4065 1289 4122 Δ

296 4131 363 4192 iric.
385 4131 505 4190 Plutl
552 4129 610 4186 ian.
650 4135 690 4191 Ca
716 4139 770 4194 .X.
796 4136 884 4196 Aust.
904 4133 1103 4198 claustrie.
1122 4135 1193 4194 Dio.
1211 4137 1289 4196 suo

297 4197 494 4258 dell-Afric.
543 4153 716 4276 abbiam&
738 4207 780 4276 sq.
