2588 4688
182 335 188 364 .
224 291 225 304 ‘
327 317 387 386 na
413 299 1269 377 rnurnsu.surruunuuaououumuxxxt

156 519 192 575 tt.
206 505 231 573 ε’.
245 522 308 589 708.
329 517 373 580 cii
400 515 674 608 existimarentura
705 531 724 574 c
751 509 868 606 quibus
894 509 1001 598 polleo
1020 485 1055 579 C.
1070 511 1237 600 Oetayius,
1260 517 1285 600 Pl

157 590 193 644 Α·
205 589 238 644 0·
254 595 298 659 44·
329 599 486 662 Lentulus
507 601 544 657 P.
561 599 597 656 F.
618 591 795 678 Spinthere
815 614 950 678 ejusque
969 593 1141 656 familiaris
1153 596 1285 684 Patiscusl

330 681 450 763 aliique
473 677 655 740 vindicibus
674 675 821 736 Caesaris
847 695 968 758 poenas
994 675 1158 738 dederunt
1174 677 1285 766 insultat

326 763 410 832 tiae,
435 759 520 843 quod
540 781 575 821 sc
595 755 836 841 per·cull¹oribus
852 756 1067 836 miscueraut3
1090 779 1187 841 quum
1199 759 1285 848 uullaq

326 857 452 986 partem
474 842 598 922 gloriae
622 838 783 908 solident,
816 837 964 902 omnibus
988 859 1047 902 eos
1067 838 1154 902 iacto
1175 861 1234 900 uon
1252 841 1285 920 adp

344 924 422 994 oilie
439 923 627 984 scientibus.
673 917 738 980 Sed
756 919 896 1002 populus
914 919 970 982 diu
986 921 1167 1005 trepidam,
1190 921 1239 980 ubi
1252 933 1285 1020 aq

327 1005 448 1066 minem
467 1019 635 1086 praetcrea
654 999 739 1062 laedi
757 1001 866 1082 petiae
885 1001 1043 1076 constitit,
1064 1002 1165 1065 rerba
1184 1023 1285 1090 percuq

331 1107 441 1150 sorum
460 1086 588 1169 accepit
606 1081 831 1168 tranquillior,
865 1083 1038 1146 hermannno
1056 1083 1231 1166 jubentium
1243 1083 1281 1164 effe

331 1167 464 1248 passioque
481 1173 552 1228 anstai
571 1185 661 1239 metu,
690 1183 770 1244 qoam
790 1166 839 1223 diu
857 1168 929 1226 uotis
948 1165 1123 1250 expenffent,
1155 1187 1223 1228 aaran
1236 1165 1283 1227 bna

161 1247 391 1340 1„,1,9„„,5ficio
405 1249 455 1330 suo
473 1249 618 1320 haberent,
640 1266 738 1326 puram
755 1245 867 1322 haurire
883 1245 1046 1312 libertatem.
1089 1253 1156 1323 lta,
1178 1249 1283 1309 multitu

146 1341 318 1410 capitalium.
333 1331 409 1393 dine
426 1345 598 1414 utcumque
613 1329 746 1414 placata,
769 1347 876 1412 neque
891 1341 997 1392 tamen
1009 1330 1079 1392 illis
1095 1351 1130 1394 se
1145 1329 1269 1412 adjunge

333 1427 386 1484 te,
419 1415 461 1474 Ca
486 1413 613 1474 itolium
635 1410 820 1494 petierant,
853 1423 1012 1498 tamquam
1027 1413 1101 1474 Diis
1125 1413 1259 1490 acturig

332 1493 394 1557 tias
405 1515 414 1573 3
438 1435 584 1579 iliudqnc
604 1489 709 1577 stipati
728 1509 822 1552 manu
841 1491 1055 1574 gladiatorum
1073 1507 1269 1579 occuparunt.

169 1657 316 1726 Eodemque
365 1645 369 1652 ’
397 1645 508 1704 LXlll.
533 1641 693 1706 Clamabat
715 1624 780 1704 tum
805 1641 940 1714 Cicero,
965 1639 1091 1723 serrarum
1108 1645 1139 1702 in
1160 1639 1280 1720 captata

141 1729 202 1782 ulti
212 1727 351 1804 quidone
373 1726 544 1804 praetoribus
568 1730 659 1786 vocari
683 1740 818 1805 oportere.
849 1723 937 1806 quod
956 1721 1107 1808 profecto
1125 1723 1157 1784 si
1173 1719 1278 1783 soretl

147 1807 321 1876 '‘9⁰⁸⁰'‘W‘·
336 1820 441 1876 ctum,
467 1807 563 1889 longe
585 1806 695 1877 aliter,
719 1817 814 1888 atque
834 1804 969 1879 accidit,
994 1803 1144 1866 constitui
1164 1801 1280 1885 respubl

148 1874 239 1919 ''¹⁰¹⁸'‘
336 1907 372 1949 os
388 1887 550 1970 potuisset.
586 1889 753 1949 Veneram
769 1899 872 1948 tamen
892 1886 926 1946 iu
939 1886 1144 1971 Capitolium,
1169 1886 1274 1966 advesp

335 1983 486 2030 rascente
504 1969 575 2041 die,
598 1968 773 2052 Favonius,
798 1968 968 2054 Aquinius,
993 1971 1138 2040 Murcus,
1160 1967 1277 2028 Patiscu

337 2050 395 2113 sed
414 2065 447 2112 et
461 2051 648 2122 Dolabella,
674 2051 733 2111 ‘am
750 2051 878 2111 consul:
901 2051 1022 2134 quippe
1039 2050 1147 2112 fasces
1166 2047 1275 2132 atquei

336 2135 442 2216 signia
462 2133 643 2194 consularia
661 2071 761 2193 liatim
781 2132 1001 2228 corripuerat:
1026 2151 1216 2217 quamquam
1236 2129 1280 2190 nul

335 2214 407 2295 jure
430 2215 540 2275 facere
563 2213 750 2286 videretur,
782 2209 1019 2274 subflatuendus
1041 2217 1073 2275 in
1092 2214 1201 2275 locum
1216 2211 1281 2294 prol

337 2296 401 2358 cti:
438 2295 497 2358 sed
518 2296 574 2356 ille
594 2296 777 2379 profectum
798 2293 1087 2377 interpretabatur,
1119 2297 1179 2379 qui
1199 2295 1267 2354 ellet

338 2397 377 2439 ea
395 2377 507 2449 osolla,
532 2391 567 2438 ut
585 2377 720 2460 amplius
742 2373 908 2459 proticisci
928 2396 992 2436 non
1010 2375 1123 2460 pollet.
1156 2373 1283 2437 Postridi

337 2458 415 2522 soro
440 2459 546 2521 venali
571 2458 665 2520 turba
688 2459 834 2542 repleto,
867 2475 960 2540 quam
986 2479 1047 2542 per
1067 2458 1192 2520 amicos
1211 2457 1277 2519 Calli

340 2555 600 2624 comparaverat,
632 2540 764 2620 jactatae
791 2557 889 2600 voces
912 2552 1007 2610 sunt,
1035 2559 1101 2601 nou
1122 2539 1268 2622 probanti

339 2622 479 2700 factum3
503 2625 566 2686 sed
579 2643 690 2706 pacem
710 2634 742 2682 et
759 2618 966 2682 concordiam
984 2619 1228 2717 pollulantium=
1247 2641 1280 2701 qu

340 2723 414 2776 res,
446 2703 510 2766 nisi
538 2706 765 2790 ignosceretur
788 2701 1074 2788 interlectoribus,
1104 2701 1276 2764 obtinerin

341 2801 480 2870 poterat.

149 2919 151 2925 ’
163 2937 333 2999 mama„
405 2908 521 2982 cxlvi
552 2919 642 3002 liaeo
671 2919 840 3001 agentibus
869 2916 1069 2982 commodum
1097 2918 1137 2978 t..
1163 2913 1281 2982 Corneli

159 3010 297 3066 Caesarem
347 2994 447 3064 Cinna
469 3014 601 3084 praetor
623 3001 823 3083 supervenit.
865 3005 915 3072 Is,
937 3020 1043 3084 neque
1062 2995 1251 3070 adfinitatis,
1269 3015 1285 3090 q

158 3081 306 3136 lnvtdittr·
346 3103 409 3166 que
428 3080 660 3143 beneficiorum
675 3101 809 3150 memor.
832 3097 900 3146 actu
913 3081 1059 3144 Caesaris
1077 3081 1197 3144 acerba
1215 3077 1283 3142 orati

346 3185 387 3225 ns
409 3161 601 3248 prorostris
626 3163 801 3226 insectatus
825 3164 887 3239 eil,
916 3163 1100 3246 insignibus
1118 3163 1217 3225 'etiam
1233 3181 1273 3232 nte

346 3243 458 3326 ssratup
475 3241 625 3323 abjectis,
648 3265 713 3324 quae
726 3244 782 3326 sits
800 3247 866 3306 dara
887 3266 980 3306 casana
997 3245 1066 3326 leges
1082 3264 1227 3318 ataranno
1243 3239 1270 3300 di

347 3326 419 3388 bat:
446 3341 623 3408 auctorque
648 3340 717 3388 erat
743 3329 864 3410 populo
891 3323 1072 3396 deducendi
1097 3323 1255 3387 libertatis

349 3421 458 3470 utores
475 3407 678 3490 aCapitolio,
699 3409 919 3494 praemiisque
938 3421 971 3470 et
988 3405 1169 3468 honoribus
1189 3425 1277 3466 oman

348 3490 465 3572 Neque
483 3501 588 3550 tamen
609 3489 711 3551 adhuc
734 3491 817 3552 ultra
859 3491 966 3552 riores
986 3507 1084 3550 voces
1105 3487 1238 3548 incaluit
1253 3503 1285 3580 nq

350 3570 475 3642 titudo,
508 3572 657 3632 Caesaris
676 3585 749 3633 anto
772 3514 884 3634 ocuibs
907 3570 1100 3634 obversante
1119 3567 1279 3630 adhucne

352 3649 447 3721 state.
481 3665 514 3713 et
542 3653 668 3714 incerto
695 3673 806 3714 rerum
832 3655 930 3715 exitu.
973 3649 1057 3723 Sed,
1088 3649 1146 3712 ubi
1170 3648 1285 3710 Dolabo

352 3751 425 3795 cum
443 3733 613 3796 lictoribus
633 3732 751 3808 adluit,
783 3749 878 3820 atque
895 3732 979 3795 haud
996 3731 1167 3794 dissimilia
1187 3715 1285 3850 loquuq

390 3921 462 3992 Cap.
480 3921 568 3976 LXll.
594 3922 657 3978 Cic.
672 3921 747 3978 Phil.
763 3942 788 3990 2,
807 3914 848 3976 ai.
867 3920 943 3978 Plut.
960 3919 1043 3976 Caes.
1068 3915 1196 3991 Appiau.
1223 3915 1285 3988 Cicl

355 3993 437 4044 Fam.
457 4007 498 4056 aa,
518 3995 557 4057 ¹4·
577 3991 654 4046 Plut.
673 3989 801 4064 Appiam.
821 3991 888 4044 Dio.
908 3987 984 4044 Plut.
1004 3991 1106 4042 bruto.
1124 3987 1194 4040 Dio.
1210 3983 1285 4116 dppip

355 4058 438 4140 Ἷρὶῑ.
457 4076 481 4122 a,
493 4059 542 4140 58.
561 4059 625 4115 Liv.
640 4059 724 4142 Epic·
756 4055 938 4184 Calelffl.
957 4056 1019 4113 (lio.
1036 4055 1073 4136 ad
1084 4057 1144 4110 Art.
1163 4058 1205 4135 1²4,
1222 4073 1260 4108 ao.
1284 4119 1285 4128 ἵ

225 4187 237 4211 Γ
306 4235 308 4240 Ι
357 4139 440 4249 plan.
464 4128 532 4180 Dio.
552 4127 775 4201 Vell.Appreu.
824 4125 992 4182 usenctr.
1015 4128 1083 4180 Dio.
1104 4123 1231 4206 ⁴‘Appiam
1263 4119 1285 4184 c(

385 4193 460 4256 XIV·
478 4194 547 4256 Vel·
560 4197 638 4256 Max.
653 4215 681 4272 9,
698 4215 724 4270 9.
742 4197 865 4260 Sueten.
883 4195 967 4260 Casa.
980 4193 1025 4258 tt.
1041 4191 1170 4268 Appttn·
1284 4217 1285 4282 l
