2658 4686
145 323 189 386 lu
210 321 359 388 LOCUE
380 327 461 388 LIB.
484 324 654 391 CXXXIV.
677 331 790 394 mvn.
902 329 959 394 aas

21 533 165 612 gistratum
184 533 237 602 qui
249 531 368 588 Romae
384 530 512 606 degent,
531 539 665 592 ea'trcerl
679 543 796 613 nequit.
827 543 967 598 conuenit
995 539 1029 596 U.
1044 557 1071 594 a.
1082 541 1144 608 pai.

21 608 84 662 enim
97 607 282 682 praesentem
302 619 384 666 esse,
401 603 546 726 (quisquis
562 607 664 679 regit,
684 615 965 683 eumquaecunque
995 609 1127 678 Μαι).

21 673 150 746 postulet,
173 670 358 740 praecopiats
430 670 550 726 mnibus
568 675 753 740 antemnis,
784 697 857 750 quos
875 686 965 734 cotra

21 741 108 796 urbem
122 737 297 810 praeficies,
317 736 487 794 mercedem
506 743 673 796 constitues
688 761 743 816 pro
760 744 849 800 masio
863 735 968 818 digni·
1073 801 1076 812 ,

21 811 89 864 tatis.
131 807 190 860 Nee
213 806 292 860 enim
319 803 431 878 degere
454 825 582 881 peregre
608 827 647 864 eo
670 813 735 866 suis
753 812 968 885 facultatibus

22 881 160 944 poterunt.-
178 891 231 929 nee
244 873 386 939 infinitas
397 874 463 933 illis
475 875 602 934 concedi
614 887 754 954 sumptus
767 885 967 951 epravinciis,

21 941 200 1006 utnuncfit,
219 959 352 1017 aequum
368 951 422 1000 est.
1033 969 1035 974 ·
1075 953 1077 958 '

68 1047 172 1114 xalv.
193 1061 310 1144 anum
329 1065 526 1124 curationum
542 1063 633 1125 nulla
655 1063 703 1122 uel
722 1068 842 1126 brevior
857 1067 900 1126 sit
914 1068 969 1124 tri·
997 1093 1126 1161 qma„
1162 1118 1164 1124 .
1219 1101 1222 1109 ·

22 1136 108 1196 ennio,
132 1129 406 1203 uel¹quanuennio
428 1135 561 1208 longior.
590 1137 642 1209 qui
658 1136 751 1192 eitius
766 1145 968 1200 removentur,
981 1163 1150 1218 mum„

23 1207 63 1258 cis
82 1199 235 1276 addiscere
255 1209 360 1263 partes
383 1195 480 1275 offleii
498 1204 547 1258 sui
566 1211 709 1277 possunt:
737 1213 767 1260 et
782 1222 970 1262 successores
981 1233 1147 1284 mum„

21 1271 99 1344 terme
113 1269 249 1338 priorum
263 1267 410 1326 instituta
430 1281 635 1341 commutant,
659 1274 791 1330 consilia
813 1275 970 1338 nesciunt,
981 1301 1063 1354 qm,
1078 1299 1122 1354 q„

23 1355 103 1392 mares
121 1355 155 1392 ae
171 1335 330 1416 ingenium
347 1335 505 1396 bominum
526 1349 617 1414 atque
633 1343 795 1408 regionum
812 1343 970 1414 ignorant·
984 1368 1072 1423 Μὴ

23 1409 54 1462 At
68 1405 257 1460 diuturniora
273 1405 403 1476 imperia
420 1407 596 1478 superbiam
611 1411 720 1466 miultis
734 1411 927 1482 ingenerant,
941 1416 973 1464 et
1098 1420 1101 1430 '

23 1471 625 1600 {stitutiooouts'‘triu
640 1475 972 1598 iutuitu-tt·
1054 1499 1057 1504 ’

23 1559 231 1690 isopleuron
247 1563 917 1690 pao·pelnltteebab'lesll‘cb'sllbrnl,bllanlsi
928 1609 974 1668 di·

24 1694 97 1730 serus
116 1693 147 1730 en
167 1693 332 1745 prouinciis
346 1679 424 1744 fiat.
450 1687 590 1747 praestat
606 1683 687 1738 enim
706 1691 825 1751 tempus
844 1677 974 1748 aliquod

23 1741 171 1814 interponi,
197 1757 256 1868 qua
277 1748 406 1802 reuersis
426 1747 459 1802 in
475 1748 578 1804 urbem
598 1747 757 1806 detumeat
774 1749 827 1804 ani
862 1765 913 1812 us,
941 1753 974 1802 et

24 1811 88 1864 inter
103 1826 196 1934 aequa
213 1828 244 1866 cs
261 1813 409 1870 versando
424 1815 486 1872 loci
499 1816 549 1872 sui
565 1817 802 1874 admoneantur.
865 1835 919 1872 aec
934 1813 973 1871 de

25 1879 142 1933 senatori
165 1896 199 1933 us
220 1877 435 1938 animaduersa
452 1882 531 1940 mibi
545 1894 627 1942 sunt.

69 1985 159 2052 XLV·
182 1999 230 2054 lla
245 2001 380 2072 equestri
390 1998 497 2058 ordine
507 2001 583 2066 duros
600 2001 658 2059 tibi
674 2006 753 2062 uiros
767 2009 907 2058 strennos
923 1997 974 2054 de·
1003 2019 1041 2072 ῃ,
1049 2015 1155 2080 pmf..

24 2066 98 2140 liges,
112 2069 273 2138 praetoriis
289 2067 464 2126 cohortibus
479 2071 713 2141 praeficiendos.
745 2075 824 2128 Nam
839 2069 893 2126 uni
906 2075 973 2148 tan·
985 2089 1037 2140 aq,
1050 2095 1154 2154 mm,

24 2143 74 2190 tuns
93 2143 283 2192 armatorum
304 2138 494 2194 committere
509 2138 649 2212 periculo
665 2159 726 2194 nan
741 2144 850 2194 vacate
877 2135 975 2206 pluro·
986 2157 1089 2208 mm
1104 2169 1142 2204 η.

24 2201 76 2266 bus,
92 2206 296 2278 importunqm
311 2211 400 2272 esset,
420 2213 452 2260 et
467 2205 632 2262 obnoxium
650 2209 750 2262 rixae.
785 2206 857 2260 Duo
872 2204 974 2274 igitur
986 2225 1110 2278 ΝΜ,

25 2279 111 2334 sunto,
128 2273 206 2330 lianc
223 2273 319 2328 etiam
337 2273 374 2328 ab
392 2273 580 2335 utilitatem,
600 2283 644 2336 ut,
662 2276 690 2330 si
706 2275 787 2330 alter
797 2271 882 2343 forte
895 2287 974 2326 mor·

26 2337 54 2394 bo
67 2339 257 2408 adtincatur,
276 2353 336 2396 nan
351 2339 433 2398 desit
449 2349 552 2398 tamen
568 2339 697 2398 idoneus
714 2339 849 2415 corporis
864 2339 912 2395 tui
926 2356 977 2394 cu-

24 2417 80 2464 stos·
110 2409 177 2466 Sint
195 2416 300 2463 autem
315 2407 485 2465 multorum
503 2409 799 2482 stipendiorum‚·at
822 2427 858 2464 ue
890 2425 976 2461 erum

26 2477 103 2530 etiam
119 2475 254 2532 aliarum
269 2477 482 2534 curationibus
501 2479 640 2536 exerciti.
683 2480 737 2534 His
755 2485 785 2534 et
799 2425 861 2534 l³ru
896 2476 978 2530 oria·

24 2543 50 2594 ni
62 2551 202 2610 pareant,
229 2551 261 2598 et
278 2542 429 2618 quidquid
445 2553 607 2616 praeterea
624 2547 763 2602 militum
779 2565 834 2614 per
848 2543 979 2600 ltaliam

26 2613 86 2676 erit‚·
101 2610 323 2681 suppliciorum
340 2615 437 2668 etiam
451 2609 522 2684 jure
539 2617 695 2682 permissa,
714 2623 931 2686 praeterquam
940 2611 980 2692 ‘in
1068 2676 1072 2685 Ι

27 2680 209 2734 centuriones.
249 2679 293 2735 Ab
310 2697 415 2734 eorum
433 2681 528 2736 etiam
543 2689 694 2750 potestate
707 2683 874 2744 euisrsetur,
893 2675 981 2745 quud·

27 2745 84 2866 quiri
99 2745 232 2802 militum
246 2749 408 2804 senatoriis
420 2747 659 2820 magistratibus
673 2749 824 2803 tributum
835 2753 895 2827 est:
914 2746 980 2832 qui·

44 2833 70 2866 us
83 2815 111 2866 in
125 2832 194 2870 suos
208 2815 515 2888 liberumpoeuarum
529 2815 796 2889 praemiorumque
813 2814 979 2872 arbitrium

27 2883 197 2938 concesseris.
238 2883 275 2939 ln
290 2891 408 2938 ceteros
425 2883 527 2958 igitur
542 2881 660 2938 milites
678 2882 906 2954 praefectorum
924 2884 980 2938 iru-

25 2951 125 3020 pcriam
147 2951 220 3018 erit,·
247 2958 339 3023 atque
362 2951 459 3006 ctiam
482 2955 514 3006 in
535 2960 750 3022 procuratores
774 2957 861 3017 tuas,
889 2959 981 3019 atque

27 3017 90 3070 alios
111 3017 216 3089 paullo
238 3015 441 3074 honestiores.
488 3019 626 3075 Vicarios
650 3017 700 3074 luis
724 3017 801 3074 addi
823 3034 981 3073 necessum

27 3087 82 3146 erit,
101 3104 135 3140 ne
151 3087 230 3142 male
244 3089 442 3160 negotiorum
458 3096 714 3160 praegraventur.
742 3084 980 3158 Praefecturam

28 3161 114 3207 autem
131 3153 220 3210 illam
235 3163 421 3240 perpetuam
440 3172 504 3210 esse
522 3155 687 3227 oportebit·
729 3157 791 3212 Nec
813 3155 895 3210 enim
914 3163 982 3210 tan·

27 3222 87 3276 tiso
106 3219 172 3278 ibus
188 3241 351 3296 quosquam
369 3221 437 3296 ejus
454 3221 516 3279 loci
533 3242 597 3280 esse
611 3225 743 3296 poterit,
772 3231 808 3277 ut
829 3224 910 3278 inter
934 3226 982 3274 tot

28 3240 125 3346 nobiles
140 3293 304 3362 imperium
319 3299 439 3364 speret:
468 3301 516 3358 et,
544 3294 618 3366 quia
637 3297 788 3363 perpetuo
807 3290 860 3346 sub
880 3287 981 3358 aetolis

29 3359 77 3412 tois
94 3379 110 3414 a
133 3369 178 3424 et,
204 3380 242 3416 ne
262 3361 404 3433 cogitare
420 3359 544 3430 quidem
562 3359 686 3433 aliquid
704 3359 770 3416 tale
789 3367 858 3414 tuto
875 3362 981 3428 queat.

28 3425 64 3479 Eu
75 3375 171 3482 eadem
183 3427 292 3484 ordine
303 3427 590 3502 splendidissimum
603 3437 672 3501 post
681 3429 799 3510 priores
810 3426 889 3482 duos
899 3425 984 3506 equi·

27 3499 91 3560 tem,
113 3495 301 3568 praesectam
324 3497 459 3572 uigilum
483 3498 669 3563 constitues3
695 3497 725 3552 ei
748 3493 860 3553 detrude
897 3511 984 3576 epau·
1046 3553 1049 3562 ¹

27 3575 108 3628 nesus,
135 3581 286 3622 annonae.
320 3573 413 3634 atque
439 3565 500 3622 bae
528 3567 707 3622 curationes
728 3558 840 3621 iisdeln
891 3561 983 3620 nebus

27 3631 193 3699 temporum,
211 3633 323 3706 quibus
340 3635 537 3701 senatoriae,
556 3631 795 3690 cobibebssntur.

73 3740 177 3802 XLVl·
207 3755 333 3813 Aerarii
356 3774 477 3830 quoque
493 3755 629 3826 fiscique
648 3752 823 3830 praefectos
843 3758 985 3824 equester
1012 3751 1053 3804 ae
1066 3753 1169 3806 aerarii

29 3817 88 3894 ordo
104 3821 161 3878 tibi
176 3821 281 3892 datu.-
328 3829 361 3884 ui
376 3827 422 3883 rei
436 3823 642 3896 pecuniariae
659 3825 692 3880 in
710 3821 785 3878 urbe
801 3829 832 3877 et
847 3839 902 3891 per
917 3821 981 3876 Ita·
995 3823 1166 3894 qtfiseipres·

28 3879 88 3965 bom
103 3893 247 3959 praesint.
285 3843 341 3952 ills
357 3893 455 3950 etiam
473 3909 645 3966 congruum
657 3889 819 3964 functioni
834 3885 982 3971 cnjnsque
992 3892 1084 3961 fessis.

27 3955 193 4031 slfpcndium
212 3965 373 4018 numerari
394 3961 563 4018 conueniet.
603 3959 705 4030 Qucum
728 3959 808 4016 enim
826 3975 930 4037 monor
940 3963 983 4010 set

44 4037 64 4072 ¹³
79 4031 226 4086 senatorio
242 4049 364 4096 census,
382 4035 422 4086 'ne
436 4031 474 4100 in¹
487 4027 561 4084 urbe
577 4027 702 4100 quidem
718 4025 865 4100 publicae
883 4019 983 4080 alseui

24 4081 161 4152 functioni
173 4117 282 4154 uacare
291 4095 513 4170 familiaribus
528 4099 572 4152 im
594 4099 675 4152 ensis
688 4100 843 4175 poterunt.
878 4094 981 4162 Neque

26 4151 180 4235 b⁰³sacerc
192 4175 335 4244 sumptus
352 4169 382 4226 tc
395 4169 516 4246 pigeat.
550 4113 633 4226 alios
649 4166 733 4236 enirn
748 4159 863 4220 eosdem
881 4167 912 4220 et
930 4176 982 4218 css·
