2610 4696
185 305 229 368 nn
249 248 404 368 noenu
425 303 510 366 nnn.
534 301 679 370 cxxiv.
701 303 824 374 arvis..
943 301 1004 380 aaa

508 439 989 460 w

32 513 1003 678 tonillaillnllll‘t‘dtllllslolsslssllnlll
1032 509 1181 648 llll:

31 679 139 758 legione
161 697 214 740 sua
236 676 396 750 Mellalla,
430 673 664 760 sequentibus.
698 697 780 760 quae
800 677 885 754 juxta
910 665 1004 742 erant

31 762 195 820 collocatae:
248 757 404 842 sucisque
425 757 496 840 ejus
517 771 551 820 et
569 758 724 820 extremis
744 757 916 822 ordinibus
937 760 1005 824 dis-

29 841 115 922 jectis,
135 840 163 900 in
180 781 277 902 cadas
294 841 443 902 Caesaris
461 853 665 924 penetratur.
694 861 807 924 magna
825 841 872 902 ibi
887 841 1006 906 caedes

28 921 95 986 lacta
109 939 221 992 eorum,
247 920 302 1016 qui
321 920 519 1017 deprehensi
539 923 572 982 in
592 920 703 984 callris
723 937 826 984 erant.
850 923 935 984 intes·
950 945 1006 988 ae-

28 1021 99 1066 teros
114 1003 170 1064 duo
187 1003 288 1064 millsa
308 1023 416 1066 occasa
433 1005 679 1086 Spartanorum.
702 1003 758 1088 qui
776 1023 894 1066 recens
907 1005 1005 1068 domo

34 1087 211 1148 advenerant.
254 1086 329 1166 lpse
350 1085 489 1156 Caesar,
513 1085 640 1146 Antonii
663 1101 777 1168 rogatu
797 1085 906 1170 paullo
928 1103 1003 1150 ants

28 1165 250 1238 unicoloras,
286 1165 421 1230 evitavit
440 1179 560 1230 certam
584 1167 784 1248 perniciem.
817 1169 893 1229 licet
915 1189 1002 1230 sum·

26 1269 68 1310 sao
87 1249 262 1312 discrimine
286 1265 322 1308 ac
343 1246 496 1312 molestia.
536 1269 607 1310 nam
628 1261 660 1309 ct
683 1269 779 1312 vacua
797 1251 911 1312 lectica
930 1251 1000 1330 ejus

44 1332 86 1392 ilis
101 1345 186 1414 atque
207 1329 321 1406 jaculis
343 1331 513 1393 transfode
533 1328 600 1406 ell3
622 1344 655 1392 et
674 1330 747 1416 ipse
766 1331 876 1394 triduo
895 1332 927 1394 in
944 1354 1000 1416 pa·

25 1351 264 1494 sunaneganum,
291 1426 342 1484 et,
364 1427 400 1473 ut
416 1413 565 1508 Agrippa
583 1415 823 1496 Maecenasque
843 1411 997 1487 latentur,

26 1515 86 1576 aqua
103 1507 209 1580 supter
232 1507 338 1556 cutem
360 1493 431 1556 lusa
453 1493 604 1578 turgodus
622 1495 727 1568 latuit,
751 1496 856 1558 donec
874 1495 912 1558 ad
929 1497 998 1584 Aur

27 1578 87 1636 tonii
103 1596 198 1638 cornu
218 1576 294 1659 luga
315 1577 518 1660 perveniret.
571 1577 703 1638 Interim
731 1592 764 1639 et
780 1581 902 1638 Brutus
924 1597 998 1640 cum

23 1659 116 1720 cetenis
141 1657 248 1742 copiis
275 1672 469 1742 perruperat
494 1660 645 1720 Caesaris
672 1660 793 1722 adrem:
826 1655 998 1742 ssratisque

23 1739 104 1804 tribus
120 1738 322 1822 legionibus,
352 1755 384 1804 et
407 1740 543 1800 tolidem
566 1741 685 1824 aquilis
705 1740 827 1826 captis,
851 1761 922 1802 cum
945 1741 997 1802 su·
1021 1757 1033 1772 ·

22 1821 155 1904 gieotibus
177 1821 210 1882 ln
232 1819 328 1884 castra
347 1820 483 1884 hollium
504 1821 675 1886 inciderat.

67 1929 110 1987 lll.
130 1927 213 1988 Mira
236 1947 277 1989 eo
296 1929 351 1991 die
373 1927 474 1992 facies
497 1951 607 1993 rerum
629 1927 711 2002 luit,
743 1938 840 2012 quum
862 1929 1003 1992 fortuna·
1025 1931 1169 2016 {lubian

20 2013 99 2092 magis
116 2011 240 2084 omnia,
262 2031 354 2094 qnam
373 2025 427 2073 aut
443 2013 562 2074 virtute
581 2027 634 2075 aut
651 2013 811 2082 consilio,
837 2033 991 2096 regeren-
1006 2008 1141 2059 mmm·

19 2105 66 2152 tor.
102 2095 208 2175 ltaque
232 2111 292 2154 nec
315 2095 533 2177 scriptoribus
557 2099 635 2158 satis
655 2095 742 2156 inter
764 2115 800 2154 se
823 2095 997 2158 convenior

18 2193 101 2256 acque
127 2175 285 2256 explicari
314 2177 552 2272 propemodum
585 2199 640 2240 res
671 2191 737 2238 tota
771 2175 894 2254 purell3
930 2177 996 2238 nisi

18 2255 83 2338 quod
102 2257 175 2318 hinc
194 2257 345 2320 Caesaris
372 2260 558 2330 exercitus,
593 2259 671 2322 inde
687 2257 783 2320 cami
806 2279 920 2322 caesus
943 2259 996 2320 lu·

16 2353 148 2422 gatusque
171 2337 234 2410 alt,
273 2339 461 2402 intersectis
482 2341 705 2404 Callianorum
730 2353 804 2402 octo
827 2341 992 2414 millibus,

19 2419 232 2484 connumeratis
258 2435 289 2484 et
312 2425 418 2484 servis
442 2423 595 2494 armatis,
618 2443 701 2508 quos
719 2421 837 2504 Brigas
858 2422 995 2486 vocabat

19 2501 129 2574 Brutus,
164 2517 197 2564 et
224 2503 493 2566 caesarianorum
524 2505 670 2568 millibus
700 2503 856 2566 sedecim.
896 2501 996 2566 eallrs

19 2603 120 2666 quoque
149 2587 316 2728 utrimque
344 2601 436 2670 capta
465 2600 558 2648 sunta
594 2607 692 2732 quum
719 2605 826 2682 neque
852 2585 992 2658 Caesar.

10 2669 253 2746 quadrantaria
280 2711 289 2740 ‚
313 2687 431 2750 neque,
455 2681 489 2731 ut
508 2691 525 2730 a
545 2689 598 2730 mu
613 2669 655 2730 tis
670 2665 716 2730 est
728 2667 898 2737 creditum,
925 2667 993 2728 An-

14 2749 117 2823 tonius,
150 2770 279 2832 pugnae
305 2749 488 2812 adluillent.
533 2751 600 2813 Sed
625 2749 822 2820 Antoniani,
852 2747 992 2828 disjecto

15 2827 89 2890 Callii
104 2851 225 2915 opere,
250 2851 431 2914 caesoque,
456 2832 544 2916 quod
561 2832 690 2904 aderat,
738 2829 892 2900 cassidis,
915 2828 993 2891 sub·

8 2911 94 2972 ¹uillas
114 2917 212 2976 etiam
233 2913 354 2980 auxilio
374 2915 485 2997 copias
503 2911 605 2976 statim
621 2935 663 2998 pe
688 2854 836 2984 uideant,
869 2911 990 2994 equiti·

10 2982 224 3058 losantanas
242 3015 342 3058 cnrrsu
364 2995 404 3056 ad
425 3017 514 3058 moro
533 2937 745 3082 lugientszus.
779 3013 842 3056 neo
860 2993 989 3078 pedites

7 3075 125 3156 ¹¹retineri
147 3091 343 3162 potuerunt,
373 3099 564 3175 quamquam
586 3079 694 3141 omnia
711 3075 854 3140 iaciente
870 3073 987 3150 Gallio,

13 3157 52 3296 gqi
72 3173 100 3222 et
127 3174 278 3242 creptum
301 3159 441 3244 fugienti
463 3183 490 3222 sn
516 3159 625 3223 nilero
645 3159 772 3246 signum
792 3155 987 3240 antepedes
1009 3221 1014 3232 ,

7 3277 8 3280 =
45 3243 77 3302 ni
99 3240 270 3304 defixerat.
320 3243 453 3304 Interim
477 3179 516 3304 ad
538 3241 636 3304 callra
657 3243 728 3326 ipss
748 3239 987 3304 contenderunt

7 3311 104 3410 ¹loires,
137 3335 300 3408 quotquot
321 3323 484 3402 objectum
505 3325 693 3388 sCall'sanis
717 3343 799 3406 opus
823 3339 984 3408 perrupe-
1041 3395 1057 3408 .

7 3419 76 3466 ¹narrt:
101 3426 207 3489 eaque
230 3426 285 3466 ree
306 3405 530 3469 animadversa
555 3421 742 3470 ceterorum
764 3403 868 3467 adhuc
891 3415 982 3466 extra

7 3475 84 3564 [callra
103 3487 316 3573 pugnantium
337 3509 491 3572 pavorem
511 3488 686 3574 fugamque
704 3485 802 3550 suxit.

7 3597 9 3654 l
52 3596 83 3654 X.
110 3595 320 3669 lucunas,
351 3597 405 3656 vix
426 3597 591 3680 praetoria
610 3595 747 3658 echome
766 3587 910 3667 re'tenta,
944 3611 980 3658 se
1013 3592 1170 3649 casellas!-

7 3679 113 3774 decepit.
134 3678 169 3738 in
196 3677 315 3740 collem
339 3677 587 3775 Philipporum..
625 3677 710 3739 unde
730 3692 925 3820 prospectus
945 3677 980 3738 in
993 3664 1168 3756 '‘m’‘'fffl

7 3773 190 3841 unrnmJeeta
209 3759 348 3843 patebat.
393 3757 459 3822 Sed
478 3759 668 3844 magnitudo
686 3781 729 3842 pu
743 3778 844 3834 verns,
868 3773 902 3822 et
915 3779 980 3822 nox

12 3865 325 3888 μψ-

33 3919 88 3992 up.
100 3925 183 3982 Vlll.
204 3923 282 3978 Plut.
302 3921 379 3977 Vell.
392 3938 470 3988 2‚70.
488 3919 556 3975 Dlo.
575 3913 703 3992 Appisu.
722 3915 798 3974 elan.
814 3915 893 3974 vell.
908 3915 978 3974 Dio.

12 3983 106 4058 lopiac.
127 3993 210 4048 Flor.
233 3991 310 4046 Plul.
330 3989 496 4060 minnan.
520 3985 729 4060 Sueton.dug.
743 3991 783 4043 ns.
802 3987 877 4042 Plut.
903 3987 979 4058 Cap.

12 4051 74 4112 llll
98 4063 176 4132 pian.
198 4061 276 4116 Plut.
297 4061 423 4134 lppiau,
441 4059 517 4114 l’lut.
538 4061 642 4114 Bruto.
655 4065 803 4115 etlnton.
823 4057 903 4110 Flon.
920 4057 979 4127 np-

11 4125 65 4194 plan.
78 4079 153 4190 glut.
174 4135 286 4186 Bruno.
305 4129 432 4202 Appias.
469 4129 542 4201 Cap.
554 4129 590 4184 x.
607 4127 685 4183 Plut.
704 4127 773 4183 Dio.
791 4123 872 4183 Flac.
888 4125 977 4181 oros.

13 4197 253 4362 ¹‚dpdapsss'lesmlss'nn
270 4283 356 4342 Tam.
370 4281 460 4344 XW.
716 4269 781 4340 Ee
