2588 4688
279 347 340 414 aaa
376 342 582 422 marusa.
595 310 1018 408 smrnenrnronun
1029 343 1290 412 tanturn

109 557 145 615 U.
161 555 266 628 apo&
340 543 394 618 1'1'1.
420 554 457 615 C.
480 549 638 640 Octavius
665 535 810 614 civilium
840 551 936 615 simul
964 568 1061 642 atque
1088 555 1290 620 militarium,

104 629 145 692 ›⁸-
164 629 198 684 0·
213 629 259 694 44·
281 639 397 702 artium
422 633 534 698 ssudiis
558 648 683 696 sextum
705 631 766 714 jam
785 655 931 698 mensem
949 639 1098 712 racabat,
1127 637 1291 722 magistro}

109 695 268 752 amm*
282 719 414 784 dicendi
432 715 552 780 ususA
580 715 730 778 ollodoro
744 719 967 800 Pergameno,
991 739 1087 803 quem
1104 720 1169 800 jam
1184 740 1285 802 grau·

91 767 233 892 ¹2:ssss
280 804 356 866 dem
375 814 451 864 natu
469 819 509 860 ex
525 738 607 860 urnbc
628 805 738 860 tecum
752 797 960 884 Apolloniam
977 803 1230 873 Taulantiorum
1251 823 1287 864 e·

90 853 111 908 ,
140 851 160 908 ⁸
279 882 435 955 duxerat,
476 877 666 966 praemill'us
697 879 736 942 ab
768 881 928 945 avunculo
957 882 999 944 ad
1024 883 1179 950 Geticum
1210 885 1291 948 bel.

280 969 361 1038 lum,
412 962 632 1027 circumcirca
663 961 812 1046 legiones
849 978 941 1027 erant
976 967 1177 1040 collocatae,
1222 961 1291 1030 iro-f

279 1063 468 1136 perstarem
498 1057 743 1128 exspectantem
781 1061 901 1130 quem,
938 1048 1135 1134 longinquos
1173 1047 1291 1116 hollos

156 1201 163 1214 ,
280 1131 497 1215 cogitantem,
538 1126 670 1188 interim
709 1126 881 1192 domestica
914 1129 1286 1229 frausabsumpserat·

280 1213 317 1278 ld
339 1213 394 1290 ubi
413 1221 614 1294 compertum
633 1207 697 1284 all,
729 1231 790 1294 pro
811 1211 981 1274 atrocitate
1003 1214 1054 1276 rei
1075 1236 1190 1298 gravis
1211 1218 1292 1290 ortal

231 1299 236 1312 '
281 1292 515 1366 consternatio,
548 1305 581 1353 et
605 1311 645 1352 er
670 1291 828 1376 proximis
850 1293 998 1364 hibernis
1019 1315 1202 1358 concursus
1224 1295 1287 1358 tri·

280 1377 442 1441 hunorum
462 1387 495 1437 et
512 1375 738 1436 centurionum
756 1374 795 1436 ad
812 1375 982 1442 Octavium
999 1378 1077 1452 tuit,
1107 1400 1200 1440 suam
1225 1379 1288 1440 mi-

280 1461 439 1543 litumque
458 1475 592 1540 operam
611 1455 831 1532 offerentium.
858 1479 919 1520 nec
941 1459 1157 1543 spernendam
1176 1459 1289 1524 Salei·

281 1541 398 1604 dianus
419 1555 452 1604 et
469 1538 571 1623 Agrip
597 1528 834 1617 a‘judicabant,
869 1543 1049 1626 aequalium
1069 1542 1292 1610 familiarilli·

269 1624 338 1686 ¹mi.
382 1623 448 1686 Sed
467 1622 558 1704 ipse,
574 1560 660 1682 iicet
677 1619 710 1681 in
729 1621 911 1705 puerilibus
929 1623 1042 1698 annis,
1065 1624 1186 1686 eximia
1205 1645 1292 1709 pru-

281 1706 407 1778 dentia,
436 1703 517 1766 nihil
542 1702 669 1775 moliri,
699 1719 809 1765 rerum
832 1719 928 1790 atque
952 1707 1130 1768 animorum
1155 1708 1292 1768 ineoma

281 1803 377 1873 perto
399 1785 498 1856 llatu,
521 1798 650 1864 certus,
674 1783 714 1846 ad
732 1786 845 1848 urbem
864 1807 926 1870 pro
951 1789 1074 1850 erasit:
1095 1789 1216 1850 matris
1238 1787 1293 1849 ina*

282 1891 384 1954 super
398 1884 431 1948 at
442 1866 590 1951 Philippi
605 1866 716 1930 vitrici
730 1867 837 1931 literis
850 1887 910 1931 con
938 1883 1070 1946 rmatus,
1091 1871 1217 1956 quibus
1235 1891 1293 1932 ean

164 1995 168 2004 -
282 1951 356 2016 dem
377 1949 558 2048 placebant.

113 2094 261 2152 ωηιξη
343 2075 399 2139 tv.
423 2073 537 2157 Igitur,
558 2071 696 2158 trajecto
711 2069 879 2138 Adriatico
901 2076 994 2150 mari,
1015 2077 1064 2138 Lu
1090 2076 1151 2138 iam
1172 2075 1293 2160 petiit,

96 2166 236 2230 tunortfice
283 2159 501 2248 propinquum
515 2155 692 2216 Brundisio
705 2155 871 2240 oppidum,
882 2159 1030 2222 incertus
1042 2099 1158 2232 atilius,
1170 2179 1293 2242 mrem·

96 2237 263 2318 arcipirata
284 2240 456 2302 admodum
482 2235 612 2299 animati
640 2237 761 2300 milites
788 2239 906 2312 client,
940 2240 995 2326 qui
1015 2261 1059 2320 eo
1081 2240 1293 2325 praemissiu

96 2305 246 2358 ''um'‘
286 2325 425 2384 Caesare
449 2319 589 2381 fuerant.
632 2319 681 2381 lbi
710 2319 751 2381 de
779 2317 964 2386 testamento
988 2323 1135 2386 Caesaris
1166 2336 1201 2386 ct
1232 2321 1277 2383 od

285 2403 419 2486 optione
448 2423 524 2474 sua,
557 2401 700 2484 itemque
725 2404 839 2488 populi
864 2403 906 2465 ob
931 2397 1137 2468 intersectum
1163 2407 1277 2467 Caesa

284 2506 353 2547 rem
374 2485 488 2564 dolore
507 2483 609 2546 laetus
631 2483 765 2558 certior,
791 2507 978 2570 quamquam
996 2487 1193 2572 propinquis
1218 2487 1278 2548 dis

285 2565 514 2638 suadentibus,
537 2585 675 2648 cernere
694 2563 909 2630 hereditatem
927 2567 1050 2632 statuit:
1074 2583 1107 2632 et
1120 2571 1277 2652 praemis

285 2651 352 2722 sis,
384 2649 440 2736 qui
467 2649 734 2736 specularentur,
770 2670 889 2712 numne
913 2651 1031 2736 aliquis
1054 2672 1094 2715 ex
1116 2653 1278 2736 perculso

283 2751 530 2802 ramnumcro,
561 2731 623 2792 sibi
644 2751 775 2814 quoque
795 2733 1006 2806 metuendus,
1036 2733 1212 2796 Brundisii
1237 2755 1278 2794 es

250 2876 254 2884 J
284 2829 352 2889 set,
380 2811 542 2898 postquam
565 2815 671 2874 orinia
693 2827 757 2875 tuta
777 2817 950 2896 cognovit,
974 2815 1090 2878 eodem
1110 2815 1294 2899 proiectu

285 2895 338 2963 all.
383 2896 563 2958 Exiverunt
581 2896 710 2958 obviam
727 2895 893 2980 legiones,
916 2918 1093 2984 magnaque
1110 2912 1236 2982 except
1273 2926 1290 2951 n

284 2977 409 3042 laetitia
428 2977 461 3037 in
481 2975 637 3062 oppidum
656 2975 871 3040 deduxerunt.

127 3113 257 3166 0„„,„·,
347 3083 389 3150 V.
419 3083 506 3146 Hinc
529 3084 585 3148 illa
609 3081 835 3158 confirmatus,
869 3083 960 3147 adire
982 3085 1225 3158 hereditatem,
1260 3107 1283 3150 e

98 3197 189 3234 nemu
208 3179 253 3231 aa·
286 3187 405 3230 nomen
427 3163 613 3230 adsciscere
628 3167 778 3228 Caesaris
799 3188 864 3228 non
884 3167 1028 3230 distulit:
1053 3169 1221 3250 hujusque
1244 3169 1280 3231 ia

97 3249 272 3334 satscttotta-
287 3270 366 3333 rore
388 3267 508 3332 paucos
529 3249 612 3310 intra
633 3247 704 3310 dias
726 3262 759 3312 ct
777 3247 901 3310 firmam
919 3249 1057 3312 militurn
1073 3271 1224 3322 manum,
1260 3273 1284 3312 e

96 3337 169 3376 ⁹¹⁸5·
286 3331 445 3416 pecuniae
464 3330 530 3394 vim
548 3327 634 3392 haud
653 3329 869 3414 spernendam
888 3331 1025 3414 adeptus
1038 3331 1092 3406 etl,
1115 3330 1278 3397 conssucn

286 3413 374 3494 tibus
403 3411 443 3476 ad
468 3432 561 3486 cum,
597 3412 653 3500 gui
675 3409 858 3496 profecturi
878 3411 1056 3476 Brundisio
1079 3417 1111 3478 in
1130 3415 1280 3476 Macedo

245 3489 249 3502 ’
286 3496 373 3558 niam
394 3495 542 3568 fuerant,
574 3496 695 3580 quique
721 3513 792 3556 curn
818 3514 894 3555 aere
916 3495 1049 3578 publico
1070 3496 1254 3560 veniebant
1285 3526 1294 3549 ι

285 3577 512 3642 transmarinis
531 3577 723 3660 provinciis.
767 3575 853 3638 Satis
872 3576 948 3639 hinc
966 3578 1107 3642 munitus
1125 3577 1292 3638 aduersu

286 3652 387 3719 ulma
414 3671 526 3730 ertum,
548 3657 608 3718 sed
627 3671 661 3720 ut
680 3658 713 3720 in
731 3680 813 3742 nora
831 3659 971 3720 amicitia
989 3673 1181 3743 suspectans
1197 3681 1285 3722 suos

287 3757 360 3802 cum
381 3679 548 3826 iisquenri
568 3741 722 3802 comitatu
741 3737 909 3824 proficisci
928 3743 1048 3826 coepit.

348 3835 404 3914 Vl.
434 3845 688 3930 Municipiorum
712 3868 777 3908 non
798 3861 873 3914 ,erat
896 3849 1039 3910 omnium
1063 3847 1150 3910 idem
1173 3847 1279 3910 saror

286 3927 347 3994 sed
369 3943 598 3994 ueteranorum
621 3929 743 4014 ubique
769 3949 889 3991 summa
908 3927 1030 4006 studia,
1057 3929 1232 3995 ¹vindictae
1259 3953 1294 3994 s:

234 4141 240 4152 ·
296 4119 394 4191 Χ(Ἃρ.
410 4117 464 4200 Ill.
486 4114 614 4189 Appiam
634 4115 722 4172 ctvtt,
737 4117 758 4171 l.
772 4118 800 4174 3.
823 4118 947 4200 sueton.
963 4117 1041 4190 Aug.
1057 4119 1085 4176 8.
1105 4125 1135 4172 et
1212 4117 1273 4196 {ln

285 4185 580 4329 lataff'ttlfl:
596 4185 672 4312 ltl:
683 4185 1060 4331 adtalttfldltlffi
1079 4185 1155 4263 ³¹¹⁸·
1211 4186 1291 4245 ”⁰¹¹
