<?xml version="1.0" encoding="UTF-8"?>
<!DOCTYPE html PUBLIC "-//W3C//DTD XHTML 1.0 Transitional//EN"
    "http://www.w3.org/TR/xhtml1/DTD/xhtml1-transitional.dtd">
<html xmlns="http://www.w3.org/1999/xhtml" xml:lang="en" lang="en">
 <head>
  <title>
</title>
<meta http-equiv="Content-Type" content="text/html;charset=utf-8" />
  <meta name='ocr-system' content='tesseract 3.04.00' />
  <meta name='ocr-capabilities' content='ocr_page ocr_carea ocr_par ocr_line ocrx_word'/>
</head>
<body>
  <div class='ocr_page' id='page_1' title='image "./tliviipatavinih02drakgoog_0135.png"; bbox 0 0 2596 4686; ppageno 0'>
   <div class='ocr_carea' id='block_1_1' title="bbox 212 277 1290 404">
    <p class='ocr_par' dir='ltr' id='par_1_1' title="bbox 212 265 1294 404">
     <span class='ocr_line' id='line_1_1' title="bbox 212 277 1290 404; baseline -0.005 -26"><span class='ocrx_word' id='word_1_1' title='bbox 212 331 220 352; x_wconf 55' lang='grc' dir='ltr'><em>ι</em></span> <span class='ocrx_word' id='word_1_2' title='bbox 288 353 304 404; x_wconf 66' lang='grc'><strong>,.</strong></span> <span class='ocrx_word' id='word_1_3' title='bbox 343 277 401 370; x_wconf 66' lang='lat' dir='ltr'><strong>,ai</strong></span> <span class='ocrx_word' id='word_1_4' title='bbox 429 307 1290 376; x_wconf 64' lang='lat' dir='ltr'><strong>rarrusasurrnruerroauunarrum.</strong></span> 
     </span>
    </p>
   </div>
   <div class='ocr_carea' id='block_1_2' title="bbox 166 519 1290 836">
    <p class='ocr_par' dir='ltr' id='par_1_2' title="bbox 166 519 1275 604">
     <span class='ocr_line' id='line_1_2' title="bbox 166 519 1275 604; baseline -0.004 -20"><span class='ocrx_word' id='word_1_5' title='bbox 166 525 205 584; x_wconf 73' lang='grc' dir='ltr'><strong>ΙΙ.</strong></span> <span class='ocrx_word' id='word_1_6' title='bbox 218 525 315 598; x_wconf 53' lang='lat' dir='ltr'><strong>equi,</strong></span> <span class='ocrx_word' id='word_1_7' title='bbox 343 533 403 582; x_wconf 92' lang='lat' dir='ltr'><strong>set.</strong></span> <span class='ocrx_word' id='word_1_8' title='bbox 435 519 567 583; x_wconf 79' lang='lat' dir='ltr'><strong>Virtute</strong></span> <span class='ocrx_word' id='word_1_9' title='bbox 583 533 687 582; x_wconf 88' lang='lat' dir='ltr'><strong>tamen</strong></span> <span class='ocrx_word' id='word_1_10' title='bbox 702 533 735 582; x_wconf 90' lang='lat' dir='ltr'><strong>et</strong></span> <span class='ocrx_word' id='word_1_11' title='bbox 750 521 885 582; x_wconf 84' lang='lat' dir='ltr'><strong>scientia</strong></span> <span class='ocrx_word' id='word_1_12' title='bbox 897 520 1111 594; x_wconf 82' lang='lat' dir='ltr'><strong>Rhodiorum,</strong></span> <span class='ocrx_word' id='word_1_13' title='bbox 1134 539 1232 604; x_wconf 87' lang='lat' dir='ltr'><strong>penes</strong></span> <span class='ocrx_word' id='word_1_14' title='bbox 1243 542 1275 602; x_wconf 85' lang='lat' dir='ltr'><strong>qu</strong></span> 
     </span>
    </p>

    <p class='ocr_par' dir='ltr' id='par_1_3' title="bbox 169 597 1290 836">
     <span class='ocr_line' id='line_1_3' title="bbox 169 597 1281 686; baseline -0.004 -21"><span class='ocrx_word' id='word_1_15' title='bbox 169 597 309 665; x_wconf 65' lang='grc' dir='ltr'><strong>ΜΜἹ·</strong></span> <span class='ocrx_word' id='word_1_16' title='bbox 332 602 398 664; x_wconf 72' lang='lat' dir='ltr'><strong>&#39;diu</strong></span> <span class='ocrx_word' id='word_1_17' title='bbox 417 603 592 686; x_wconf 83' lang='lat' dir='ltr'><strong>praecipua</strong></span> <span class='ocrx_word' id='word_1_18' title='bbox 609 603 673 663; x_wconf 79' lang='lat' dir='ltr'><strong>tuit</strong></span> <span class='ocrx_word' id='word_1_19' title='bbox 691 602 741 662; x_wconf 88' lang='lat' dir='ltr'><strong>rei</strong></span> <span class='ocrx_word' id='word_1_20' title='bbox 760 604 938 664; x_wconf 84' lang='lat' dir='ltr'><strong>maritimae</strong></span> <span class='ocrx_word' id='word_1_21' title='bbox 958 605 1073 684; x_wconf 82' lang='lat' dir='ltr'><strong>gioria,</strong></span> <span class='ocrx_word' id='word_1_22' title='bbox 1096 603 1188 673; x_wconf 76' lang='lat' dir='ltr'><strong>vicit,</strong></span> <span class='ocrx_word' id='word_1_23' title='bbox 1209 601 1281 661; x_wconf 89' lang='lat' dir='ltr'><strong>muiti</strong></span> 
     </span>
     <span class='ocr_line' id='line_1_4' title="bbox 342 683 1290 770; baseline 0 -26"><span class='ocrx_word' id='word_1_24' title='bbox 342 705 405 768; x_wconf 92' lang='lat' dir='ltr'><strong>que</strong></span> <span class='ocrx_word' id='word_1_25' title='bbox 426 683 560 746; x_wconf 85' lang='lat' dir='ltr'><strong>hostiurn</strong></span> <span class='ocrx_word' id='word_1_26' title='bbox 580 683 781 758; x_wconf 78' lang='lat' dir='ltr'><strong>interiectis,</strong></span> <span class='ocrx_word' id='word_1_27' title='bbox 806 699 914 769; x_wconf 84' lang='lat' dir='ltr'><strong>captes</strong></span> <span class='ocrx_word' id='word_1_28' title='bbox 933 686 1057 770; x_wconf 83' lang='lat' dir='ltr'>aliquot</span> <span class='ocrx_word' id='word_1_29' title='bbox 1074 705 1174 748; x_wconf 82' lang='lat' dir='ltr'><strong>nares</strong></span> <span class='ocrx_word' id='word_1_30' title='bbox 1189 683 1290 744; x_wconf 85' lang='lat' dir='ltr'><strong>renuir</strong></span> 
     </span>
     <span class='ocr_line' id='line_1_5' title="bbox 342 767 691 836; baseline -0.006 -8"><span class='ocrx_word' id='word_1_31' title='bbox 342 768 440 836; x_wconf 81' lang='lat' dir='ltr'><strong>traxit</strong></span> <span class='ocrx_word' id='word_1_32' title='bbox 452 767 691 828; x_wconf 76' lang='lat' dir='ltr'><strong>Alexandriam.</strong></span> 
     </span>
    </p>
   </div>
   <div class='ocr_carea' id='block_1_3' title="bbox 138 873 1294 3038">
    <p class='ocr_par' dir='ltr' id='par_1_4' title="bbox 138 873 1294 2104">
     <span class='ocr_line' id='line_1_6' title="bbox 138 873 1288 957; baseline 0 -23"><span class='ocrx_word' id='word_1_33' title='bbox 138 933 143 948; x_wconf 79' lang='grc'>,</span> <span class='ocrx_word' id='word_1_34' title='bbox 166 896 329 954; x_wconf 54' lang='lat' dir='ltr'><strong>mmm,</strong></span> <span class='ocrx_word' id='word_1_35' title='bbox 395 875 508 934; x_wconf 77' lang='lat' dir='ltr'><strong>LXIX.</strong></span> <span class='ocrx_word' id='word_1_36' title='bbox 532 877 679 954; x_wconf 82' lang='lat' dir='ltr'><strong>Magnam</strong></span> <span class='ocrx_word' id='word_1_37' title='bbox 700 892 736 933; x_wconf 90' lang='lat' dir='ltr'><strong>ea</strong></span> <span class='ocrx_word' id='word_1_38' title='bbox 755 891 812 934; x_wconf 82' lang='lat' dir='ltr'><strong>res</strong></span> <span class='ocrx_word' id='word_1_39' title='bbox 830 873 1091 956; x_wconf 73' lang='lat' dir='ltr'><strong>desperationem</strong></span> <span class='ocrx_word' id='word_1_40' title='bbox 1104 873 1288 957; x_wconf 72' lang='lat' dir='ltr'><strong>Aegyptiisa</strong></span> 
     </span>
     <span class='ocr_line' id='line_1_7' title="bbox 153 953 1274 1038; baseline -0.005 -18"><span class='ocrx_word' id='word_1_41' title='bbox 153 969 184 1021; x_wconf 75' lang='lat' dir='ltr'><strong>nt</strong></span> <span class='ocrx_word' id='word_1_42' title='bbox 206 979 314 1034; x_wconf 72' lang='lat' dir='ltr'><strong>porrum</strong></span> <span class='ocrx_word' id='word_1_43' title='bbox 343 955 433 1026; x_wconf 89' lang='lat' dir='ltr'><strong>tulit,</strong></span> <span class='ocrx_word' id='word_1_44' title='bbox 458 955 637 1038; x_wconf 74' lang='lat' dir='ltr'><strong>quodiam,</strong></span> <span class='ocrx_word' id='word_1_45' title='bbox 661 953 733 1014; x_wconf 87' lang='lat' dir='ltr'><strong>sine</strong></span> <span class='ocrx_word' id='word_1_46' title='bbox 751 957 873 1016; x_wconf 90' lang='lat' dir='ltr'><strong>robore</strong></span> <span class='ocrx_word' id='word_1_47' title='bbox 891 955 1027 1015; x_wconf 80' lang='lat' dir='ltr'><strong>ttornsni</strong></span> <span class='ocrx_word' id='word_1_48' title='bbox 1043 957 1175 1029; x_wconf 87' lang='lat' dir='ltr'><strong>nnirtrs,</strong></span> <span class='ocrx_word' id='word_1_49' title='bbox 1196 969 1274 1016; x_wconf 89' lang='lat' dir='ltr'><strong>tantu</strong></span> 
     </span>
     <span class='ocr_line' id='line_1_8' title="bbox 152 1037 1271 1120; baseline -0.005 -18"><span class='ocrx_word' id='word_1_50' title='bbox 152 1037 312 1112; x_wconf 49' lang='lat' dir='ltr'><strong>thilman,</strong></span> <span class='ocrx_word' id='word_1_51' title='bbox 341 1037 440 1098; x_wconf 89' lang='lat' dir='ltr'><strong>modo</strong></span> <span class='ocrx_word' id='word_1_52' title='bbox 460 1059 477 1096; x_wconf 89' lang='lat' dir='ltr'><strong>a</strong></span> <span class='ocrx_word' id='word_1_53' title='bbox 496 1037 662 1097; x_wconf 79' lang='lat' dir='ltr'><strong>cisiliariis</strong></span> <span class='ocrx_word' id='word_1_54' title='bbox 681 1051 773 1098; x_wconf 85' lang='lat' dir='ltr'><strong>erant</strong></span> <span class='ocrx_word' id='word_1_55' title='bbox 793 1037 948 1120; x_wconf 83' lang='lat' dir='ltr'><strong>superati.</strong></span> <span class='ocrx_word' id='word_1_56' title='bbox 990 1038 1113 1120; x_wconf 78' lang='lat' dir='ltr'><strong>Igitur,</strong></span> <span class='ocrx_word' id='word_1_57' title='bbox 1136 1039 1196 1117; x_wconf 82' lang='lat' dir='ltr'><strong>jain</strong></span> <span class='ocrx_word' id='word_1_58' title='bbox 1217 1039 1271 1098; x_wconf 89' lang='lat' dir='ltr'><strong>etia</strong></span> 
     </span>
     <span class='ocr_line' id='line_1_9' title="bbox 341 1117 1284 1203; baseline -0.003 -24"><span class='ocrx_word' id='word_1_59' title='bbox 341 1139 383 1180; x_wconf 88' lang='lat' dir='ltr'><strong>nc</strong></span> <span class='ocrx_word' id='word_1_60' title='bbox 399 1141 416 1178; x_wconf 88' lang='lat' dir='ltr'><strong>a</strong></span> <span class='ocrx_word' id='word_1_61' title='bbox 435 1119 529 1180; x_wconf 82' lang='lat' dir='ltr'><strong>olaffe</strong></span> <span class='ocrx_word' id='word_1_62' title='bbox 544 1117 692 1180; x_wconf 86' lang='lat' dir='ltr'><strong>Caesaris</strong></span> <span class='ocrx_word' id='word_1_63' title='bbox 709 1117 864 1201; x_wconf 87' lang='lat' dir='ltr'><strong>oppidum</strong></span> <span class='ocrx_word' id='word_1_64' title='bbox 882 1139 994 1181; x_wconf 90' lang='lat' dir='ltr'><strong>eorum</strong></span> <span class='ocrx_word' id='word_1_65' title='bbox 1010 1134 1284 1203; x_wconf 74' lang='lat' dir='ltr'><strong>oppugnaretur-,r</strong></span> 
     </span>
     <span class='ocr_line' id='line_1_10' title="bbox 241 1199 1278 1284; baseline -0.002 -22"><span class='ocrx_word' id='word_1_66' title='bbox 241 1239 243 1252; x_wconf 71' lang='lat'>›</span> <span class='ocrx_word' id='word_1_67' title='bbox 341 1201 419 1272; x_wconf 89' lang='lat' dir='ltr'><strong>riti,</strong></span> <span class='ocrx_word' id='word_1_68' title='bbox 451 1221 488 1262; x_wconf 88' lang='lat' dir='ltr'><strong>os</strong></span> <span class='ocrx_word' id='word_1_69' title='bbox 513 1215 645 1284; x_wconf 87' lang='lat' dir='ltr'><strong>portus,</strong></span> <span class='ocrx_word' id='word_1_70' title='bbox 677 1201 783 1282; x_wconf 84' lang='lat' dir='ltr'><strong>spatio</strong></span> <span class='ocrx_word' id='word_1_71' title='bbox 810 1199 850 1262; x_wconf 90' lang='lat' dir='ltr'><strong>ad</strong></span> <span class='ocrx_word' id='word_1_72' title='bbox 872 1201 1105 1284; x_wconf 78' lang='lat' dir='ltr'><strong>egrediendum</strong></span> <span class='ocrx_word' id='word_1_73' title='bbox 1131 1203 1278 1263; x_wconf 74' lang='lat' dir='ltr'><strong>relictori</strong></span> 
     </span>
     <span class='ocr_line' id='line_1_11' title="bbox 341 1281 1285 1368; baseline 0.001 -26"><span class='ocrx_word' id='word_1_74' title='bbox 341 1303 469 1366; x_wconf 78' lang='lat' dir='ltr'><strong>magno,</strong></span> <span class='ocrx_word' id='word_1_75' title='bbox 486 1282 712 1344; x_wconf 76' lang='lat' dir='ltr'><strong>obstruxerunt</strong></span> <span class='ocrx_word' id='word_1_76' title='bbox 728 1281 849 1360; x_wconf 83' lang='lat' dir='ltr'><strong>injecto</strong></span> <span class='ocrx_word' id='word_1_77' title='bbox 866 1303 997 1366; x_wconf 81' lang='lat' dir='ltr'><strong>aggere.</strong></span> <span class='ocrx_word' id='word_1_78' title='bbox 1025 1287 1140 1368; x_wconf 84' lang='lat' dir='ltr'><strong>Neque</strong></span> <span class='ocrx_word' id='word_1_79' title='bbox 1156 1299 1254 1344; x_wconf 87' lang='lat' dir='ltr'><strong>tamen</strong></span> <span class='ocrx_word' id='word_1_80' title='bbox 1269 1283 1285 1343; x_wconf 90' lang='lat' dir='ltr'>h</span> 
     </span>
     <span class='ocr_line' id='line_1_12' title="bbox 341 1363 1275 1449; baseline 0 -25"><span class='ocrx_word' id='word_1_81' title='bbox 341 1365 447 1426; x_wconf 86' lang='lat' dir='ltr'><strong>mines</strong></span> <span class='ocrx_word' id='word_1_82' title='bbox 465 1367 546 1426; x_wconf 88' lang='lat' dir='ltr'><strong>mari</strong></span> <span class='ocrx_word' id='word_1_83' title='bbox 562 1363 689 1424; x_wconf 86' lang='lat' dir='ltr'><strong>adsueti</strong></span> <span class='ocrx_word' id='word_1_84' title='bbox 704 1363 759 1424; x_wconf 90' lang='lat' dir='ltr'><strong>diu</strong></span> <span class='ocrx_word' id='word_1_85' title='bbox 772 1364 937 1426; x_wconf 85' lang='lat' dir='ltr'><strong>abstinere</strong></span> <span class='ocrx_word' id='word_1_86' title='bbox 948 1377 1143 1449; x_wconf 86' lang='lat' dir='ltr'><strong>potuerunt:</strong></span> <span class='ocrx_word' id='word_1_87' title='bbox 1166 1381 1209 1437; x_wconf 89' lang='lat' dir='ltr'><strong>et,</strong></span> <span class='ocrx_word' id='word_1_88' title='bbox 1225 1387 1275 1449; x_wconf 86' lang='lat' dir='ltr'><strong>qua</strong></span> 
     </span>
     <span class='ocr_line' id='line_1_13' title="bbox 309 1445 1290 1530; baseline 0.002 -24"><span class='ocrx_word' id='word_1_89' title='bbox 309 1511 315 1520; x_wconf 66' lang='grc'><em>,</em></span> <span class='ocrx_word' id='word_1_90' title='bbox 342 1467 437 1528; x_wconf 80' lang='lat' dir='ltr'><strong>quem</strong></span> <span class='ocrx_word' id='word_1_91' title='bbox 457 1468 553 1530; x_wconf 85' lang='lat' dir='ltr'><strong>supra</strong></span> <span class='ocrx_word' id='word_1_92' title='bbox 569 1459 697 1507; x_wconf 89' lang='lat' dir='ltr'><strong>centum</strong></span> <span class='ocrx_word' id='word_1_93' title='bbox 716 1445 829 1508; x_wconf 86' lang='lat' dir='ltr'><strong>decem</strong></span> <span class='ocrx_word' id='word_1_94' title='bbox 848 1466 947 1508; x_wconf 81' lang='lat' dir='ltr'><strong>nares</strong></span> <span class='ocrx_word' id='word_1_95' title='bbox 963 1447 1151 1520; x_wconf 82' lang='lat' dir='ltr'><strong>amiserant,</strong></span> <span class='ocrx_word' id='word_1_96' title='bbox 1173 1447 1290 1510; x_wconf 79' lang='lat' dir='ltr'>bauddi</span> 
     </span>
     <span class='ocr_line' id='line_1_14' title="bbox 342 1527 1294 1622; baseline -0.002 -31"><span class='ocrx_word' id='word_1_97' title='bbox 342 1530 471 1591; x_wconf 87' lang='lat' dir='ltr'><strong>iieuiter</strong></span> <span class='ocrx_word' id='word_1_98' title='bbox 489 1527 634 1612; x_wconf 86' lang='lat' dir='ltr'><strong>reparari</strong></span> <span class='ocrx_word' id='word_1_99' title='bbox 651 1527 740 1610; x_wconf 80' lang='lat' dir='ltr'><strong>poffe</strong></span> <span class='ocrx_word' id='word_1_100' title='bbox 757 1528 884 1592; x_wconf 79' lang='lat' dir='ltr'><strong>claiiem</strong></span> <span class='ocrx_word' id='word_1_101' title='bbox 899 1527 1087 1590; x_wconf 81' lang='lat' dir='ltr'><strong>reficiendis</strong></span> <span class='ocrx_word' id='word_1_102' title='bbox 1100 1531 1294 1622; x_wconf 62' lang='lat' dir='ltr'><strong>veteribuan</strong></span> 
     </span>
     <span class='ocr_line' id='line_1_15' title="bbox 340 1609 1283 1696; baseline -0.004 -22"><span class='ocrx_word' id='word_1_103' title='bbox 340 1609 454 1682; x_wconf 68' lang='lat' dir='ltr'><strong>ribus,</strong></span> <span class='ocrx_word' id='word_1_104' title='bbox 486 1626 518 1672; x_wconf 89' lang='lat' dir='ltr'><strong>et</strong></span> <span class='ocrx_word' id='word_1_105' title='bbox 542 1609 720 1693; x_wconf 81' lang='lat' dir='ltr'><strong>cogendis,</strong></span> <span class='ocrx_word' id='word_1_106' title='bbox 752 1632 834 1696; x_wconf 86' lang='lat' dir='ltr'><strong>quae</strong></span> <span class='ocrx_word' id='word_1_107' title='bbox 861 1611 901 1674; x_wconf 86' lang='lat' dir='ltr'><strong>ad</strong></span> <span class='ocrx_word' id='word_1_108' title='bbox 928 1611 1084 1694; x_wconf 80' lang='lat' dir='ltr'><strong>exigenda</strong></span> <span class='ocrx_word' id='word_1_109' title='bbox 1110 1613 1283 1695; x_wconf 88' lang='lat' dir='ltr'><strong>portoriap</strong></span> 
     </span>
     <span class='ocr_line' id='line_1_16' title="bbox 341 1691 1283 1777; baseline -0.002 -21"><span class='ocrx_word' id='word_1_110' title='bbox 341 1693 447 1756; x_wconf 87' lang='lat' dir='ltr'><strong>omnin</strong></span> <span class='ocrx_word' id='word_1_111' title='bbox 472 1691 547 1754; x_wconf 84' lang='lat' dir='ltr'><strong>ostia</strong></span> <span class='ocrx_word' id='word_1_112' title='bbox 572 1692 637 1756; x_wconf 82' lang='lat' dir='ltr'><strong>niti</strong></span> <span class='ocrx_word' id='word_1_113' title='bbox 665 1706 757 1754; x_wconf 87' lang='lat' dir='ltr'><strong>erant</strong></span> <span class='ocrx_word' id='word_1_114' title='bbox 783 1693 978 1777; x_wconf 76' lang='lat' dir='ltr'><strong>dispositae,</strong></span> <span class='ocrx_word' id='word_1_115' title='bbox 1012 1691 1202 1756; x_wconf 58' lang='lat' dir='ltr'><strong>rebantur*</strong></span> <span class='ocrx_word' id='word_1_116' title='bbox 1222 1699 1283 1775; x_wconf 83' lang='lat' dir='ltr'><strong>Neq</strong></span> 
     </span>
     <span class='ocr_line' id='line_1_17' title="bbox 341 1773 1267 1860; baseline 0 -22"><span class='ocrx_word' id='word_1_117' title='bbox 341 1774 527 1854; x_wconf 83' lang='lat' dir='ltr'><strong>conjecture</strong></span> <span class='ocrx_word' id='word_1_118' title='bbox 549 1773 622 1836; x_wconf 87' lang='lat' dir='ltr'><strong>salsi</strong></span> <span class='ocrx_word' id='word_1_119' title='bbox 638 1774 750 1858; x_wconf 81' lang='lat' dir='ltr'><strong>paucis</strong></span> <span class='ocrx_word' id='word_1_120' title='bbox 769 1773 885 1838; x_wconf 86' lang='lat' dir='ltr'><strong>diebus</strong></span> <span class='ocrx_word' id='word_1_121' title='bbox 900 1775 1125 1860; x_wconf 73' lang='lat' dir='ltr'><strong>quadriremes</strong></span> <span class='ocrx_word' id='word_1_122' title='bbox 1143 1777 1223 1840; x_wconf 86' lang='lat' dir='ltr'><strong>duas</strong></span> <span class='ocrx_word' id='word_1_123' title='bbox 1240 1789 1267 1838; x_wconf 85' lang='lat' dir='ltr'><strong>et</strong></span> 
     </span>
     <span class='ocr_line' id='line_1_18' title="bbox 341 1857 1290 1942; baseline 0 -24"><span class='ocrx_word' id='word_1_124' title='bbox 341 1857 442 1942; x_wconf 78' lang='lat' dir='ltr'><strong>ginti,</strong></span> <span class='ocrx_word' id='word_1_125' title='bbox 463 1861 715 1941; x_wconf 78' lang='lat' dir='ltr'><strong>quinqueremes</strong></span> <span class='ocrx_word' id='word_1_126' title='bbox 757 1857 878 1941; x_wconf 91' lang='lat' dir='ltr'><strong>uinque</strong></span> <span class='ocrx_word' id='word_1_127' title='bbox 897 1858 1129 1921; x_wconf 84' lang='lat' dir='ltr'><strong>coniecerunt:</strong></span> <span class='ocrx_word' id='word_1_128' title='bbox 1153 1879 1233 1942; x_wconf 89' lang='lat' dir='ltr'><strong>quas</strong></span> <span class='ocrx_word' id='word_1_129' title='bbox 1251 1860 1290 1918; x_wconf 88' lang='lat' dir='ltr'><strong>int</strong></span> 
     </span>
     <span class='ocr_line' id='line_1_19' title="bbox 261 1878 1287 2026; baseline 0.001 -26"><span class='ocrx_word' id='word_1_130' title='bbox 261 1961 265 1974; x_wconf 84' lang='lat'><em>·</em></span> <span class='ocrx_word' id='word_1_131' title='bbox 339 1954 469 2026; x_wconf 87' lang='lat' dir='ltr'><strong>portum</strong></span> <span class='ocrx_word' id='word_1_132' title='bbox 489 1939 628 2024; x_wconf 81' lang='lat' dir='ltr'><strong>remigio</strong></span> <span class='ocrx_word' id='word_1_133' title='bbox 645 1878 839 2023; x_wconf 58' lang='lat' dir='ltr'><strong>permirari,</strong></span> <span class='ocrx_word' id='word_1_134' title='bbox 863 1957 934 2016; x_wconf 86' lang='lat' dir='ltr'><strong>curn</strong></span> <span class='ocrx_word' id='word_1_135' title='bbox 949 1941 1132 2003; x_wconf 84' lang='lat' dir='ltr'><strong>minoribus</strong></span> <span class='ocrx_word' id='word_1_136' title='bbox 1147 1942 1287 2026; x_wconf 84' lang='lat' dir='ltr'><strong>apertisq</strong></span> 
     </span>
     <span class='ocr_line' id='line_1_20' title="bbox 231 2019 869 2104; baseline 0 -22"><span class='ocrx_word' id='word_1_137' title='bbox 231 2087 237 2102; x_wconf 33' lang='lat'><em>⁶</em></span> <span class='ocrx_word' id='word_1_138' title='bbox 339 2019 477 2083; x_wconf 84' lang='lat' dir='ltr'><strong>naribus</strong></span> <span class='ocrx_word' id='word_1_139' title='bbox 495 2023 623 2094; x_wconf 87' lang='lat' dir='ltr'><strong>multis,</strong></span> <span class='ocrx_word' id='word_1_140' title='bbox 646 2021 869 2104; x_wconf 78' lang='lat' dir='ltr'><strong>repleverunt.</strong></span> 
     </span>
    </p>

    <p class='ocr_par' dir='ltr' id='par_1_5' title="bbox 337 2127 1292 2379">
     <span class='ocr_line' id='line_1_21' title="bbox 403 2127 1292 2214; baseline -0.002 -22"><span class='ocrx_word' id='word_1_141' title='bbox 403 2133 501 2195; x_wconf 78' lang='lat' dir='ltr'>Lxx.</span> <span class='ocrx_word' id='word_1_142' title='bbox 527 2131 613 2192; x_wconf 87' lang='lat' dir='ltr'><strong>Huic</strong></span> <span class='ocrx_word' id='word_1_143' title='bbox 641 2143 771 2212; x_wconf 85' lang='lat' dir='ltr'><strong>paratae</strong></span> <span class='ocrx_word' id='word_1_144' title='bbox 797 2129 837 2191; x_wconf 88' lang='lat' dir='ltr'><strong>ad</strong></span> <span class='ocrx_word' id='word_1_145' title='bbox 855 2127 1078 2214; x_wconf 29' lang='lat' dir='ltr'><strong>‘dimicandum</strong></span> <span class='ocrx_word' id='word_1_146' title='bbox 1106 2129 1195 2192; x_wconf 79' lang='lat' dir='ltr'><strong>clani</strong></span> <span class='ocrx_word' id='word_1_147' title='bbox 1221 2131 1292 2192; x_wconf 83' lang='lat' dir='ltr'><strong>Caes</strong></span> 
     </span>
     <span class='ocr_line' id='line_1_22' title="bbox 338 2211 1281 2296; baseline -0.002 -20"><span class='ocrx_word' id='word_1_148' title='bbox 338 2233 411 2276; x_wconf 91' lang='lat' dir='ltr'><strong>oum</strong></span> <span class='ocrx_word' id='word_1_149' title='bbox 455 2211 694 2276; x_wconf 84' lang='lat' dir='ltr'><strong>uadrirernibua</strong></span> <span class='ocrx_word' id='word_1_150' title='bbox 713 2213 845 2286; x_wconf 89' lang='lat' dir='ltr'><strong>decem,</strong></span> <span class='ocrx_word' id='word_1_151' title='bbox 868 2211 1159 2296; x_wconf 84' lang='lat' dir='ltr'><strong>quinqueremibus</strong></span> <span class='ocrx_word' id='word_1_152' title='bbox 1182 2213 1281 2275; x_wconf 87' lang='lat' dir='ltr'><strong>totide</strong></span> 
     </span>
     <span class='ocr_line' id='line_1_23' title="bbox 337 2295 1284 2379; baseline 0 -23"><span class='ocrx_word' id='word_1_153' title='bbox 337 2312 419 2379; x_wconf 89' lang='lat' dir='ltr'><strong>quot</strong></span> <span class='ocrx_word' id='word_1_154' title='bbox 464 2295 545 2360; x_wconf 81' lang='lat' dir='ltr'><strong>ostes</strong></span> <span class='ocrx_word' id='word_1_155' title='bbox 569 2295 748 2368; x_wconf 83' lang='lat' dir='ltr'><strong>habebant,</strong></span> <span class='ocrx_word' id='word_1_156' title='bbox 779 2295 1026 2378; x_wconf 79' lang='lat' dir='ltr'><strong>minoribusque</strong></span> <span class='ocrx_word' id='word_1_157' title='bbox 1047 2295 1183 2356; x_wconf 84' lang='lat' dir='ltr'><strong>naribus</strong></span> <span class='ocrx_word' id='word_1_158' title='bbox 1204 2297 1284 2356; x_wconf 89' lang='lat' dir='ltr'><strong>unde</strong></span> 
     </span>
    </p>

    <p class='ocr_par' dir='ltr' id='par_1_6' title="bbox 240 2377 1292 2625">
     <span class='ocr_line' id='line_1_24' title="bbox 240 2377 1292 2460; baseline 0.002 -24"><span class='ocrx_word' id='word_1_159' title='bbox 240 2416 242 2420; x_wconf 91' lang='lat'><em>-</em></span> <span class='ocrx_word' id='word_1_160' title='bbox 337 2379 438 2458; x_wconf 76' lang='lat' dir='ltr'><strong>giuti,</strong></span> <span class='ocrx_word' id='word_1_161' title='bbox 469 2380 598 2439; x_wconf 84' lang='lat' dir='ltr'><strong>Pharon</strong></span> <span class='ocrx_word' id='word_1_162' title='bbox 620 2377 878 2448; x_wconf 85' lang='lat' dir='ltr'><strong>circumvectus,</strong></span> <span class='ocrx_word' id='word_1_163' title='bbox 909 2399 945 2440; x_wconf 84' lang='lat' dir='ltr'><strong>ae</strong></span> <span class='ocrx_word' id='word_1_164' title='bbox 966 2378 1133 2460; x_wconf 88' lang='lat' dir='ltr'><strong>opposuit.</strong></span> <span class='ocrx_word' id='word_1_165' title='bbox 1176 2377 1292 2460; x_wconf 75' lang='lat' dir='ltr'><strong>Anguit</strong></span> 
     </span>
     <span class='ocr_line' id='line_1_25' title="bbox 337 2455 1291 2544; baseline -0.001 -23"><span class='ocrx_word' id='word_1_166' title='bbox 337 2460 601 2542; x_wconf 78' lang='lat' dir='ltr'><strong>interutrosque</strong></span> <span class='ocrx_word' id='word_1_167' title='bbox 623 2477 684 2540; x_wconf 92' lang='lat' dir='ltr'><strong>per</strong></span> <span class='ocrx_word' id='word_1_168' title='bbox 701 2455 782 2520; x_wconf 85' lang='lat' dir='ltr'><strong>vada</strong></span> <span class='ocrx_word' id='word_1_169' title='bbox 799 2461 954 2524; x_wconf 77' lang='lat' dir='ltr'><strong>transitus</strong></span> <span class='ocrx_word' id='word_1_170' title='bbox 974 2473 1062 2532; x_wconf 89' lang='lat' dir='ltr'><strong>erat,</strong></span> <span class='ocrx_word' id='word_1_171' title='bbox 1092 2474 1145 2532; x_wconf 88' lang='lat' dir='ltr'><strong>et,</strong></span> <span class='ocrx_word' id='word_1_172' title='bbox 1169 2463 1228 2544; x_wconf 93' lang='lat' dir='ltr'><strong>qui</strong></span> <span class='ocrx_word' id='word_1_173' title='bbox 1246 2461 1291 2544; x_wconf 90' lang='lat' dir='ltr'><strong>pri</strong></span> 
     </span>
     <span class='ocr_line' id='line_1_26' title="bbox 336 2541 1285 2625; baseline -0.001 -22"><span class='ocrx_word' id='word_1_174' title='bbox 336 2542 587 2625; x_wconf 83' lang='lat' dir='ltr'><strong>ingrederetur,</strong></span> <span class='ocrx_word' id='word_1_175' title='bbox 619 2541 652 2602; x_wconf 92' lang='lat' dir='ltr'><strong>in</strong></span> <span class='ocrx_word' id='word_1_176' title='bbox 680 2541 786 2602; x_wconf 87' lang='lat' dir='ltr'><strong>locum</strong></span> <span class='ocrx_word' id='word_1_177' title='bbox 812 2541 959 2625; x_wconf 90' lang='lat' dir='ltr'><strong>iniquum</strong></span> <span class='ocrx_word' id='word_1_178' title='bbox 984 2562 1019 2604; x_wconf 82' lang='lat' dir='ltr'><strong>se</strong></span> <span class='ocrx_word' id='word_1_179' title='bbox 1043 2556 1112 2604; x_wconf 86' lang='lat' dir='ltr'><strong>erat</strong></span> <span class='ocrx_word' id='word_1_180' title='bbox 1133 2541 1285 2604; x_wconf 87' lang='lat' dir='ltr'><strong>demiii&#39;ur</strong></span> 
     </span>
    </p>

    <p class='ocr_par' dir='ltr' id='par_1_7' title="bbox 147 2623 1286 3038">
     <span class='ocr_line' id='line_1_27' title="bbox 296 2623 1283 2708; baseline -0.001 -23"><span class='ocrx_word' id='word_1_181' title='bbox 296 2703 299 2708; x_wconf 25' lang='grc'>1</span> <span class='ocrx_word' id='word_1_182' title='bbox 336 2624 446 2708; x_wconf 82' lang='lat' dir='ltr'><strong>Quum</strong></span> <span class='ocrx_word' id='word_1_183' title='bbox 458 2625 621 2708; x_wconf 84' lang='lat' dir='ltr'><strong>utrimque</strong></span> <span class='ocrx_word' id='word_1_184' title='bbox 635 2636 875 2698; x_wconf 81' lang='lat' dir='ltr'><strong>cunctarentur,</strong></span> <span class='ocrx_word' id='word_1_185' title='bbox 892 2626 1079 2708; x_wconf 83' lang='lat' dir='ltr'><strong>praefectus</strong></span> <span class='ocrx_word' id='word_1_186' title='bbox 1092 2623 1245 2690; x_wconf 82' lang='lat' dir='ltr'><strong>Rhodiae</strong></span> <span class='ocrx_word' id='word_1_187' title='bbox 1258 2627 1283 2685; x_wconf 85' lang='lat' dir='ltr'><strong>ri</strong></span> 
     </span>
     <span class='ocr_line' id='line_1_28' title="bbox 165 2696 1284 2790; baseline 0.001 -24"><span class='ocrx_word' id='word_1_188' title='bbox 165 2696 324 2778; x_wconf 52' lang='lat' dir='ltr'><strong>Furium</strong></span> <span class='ocrx_word' id='word_1_189' title='bbox 338 2709 383 2768; x_wconf 86' lang='lat' dir='ltr'><strong>sis</strong></span> <span class='ocrx_word' id='word_1_190' title='bbox 397 2707 603 2790; x_wconf 81' lang='lat' dir='ltr'><strong>Euphranor,</strong></span> <span class='ocrx_word' id='word_1_191' title='bbox 619 2703 672 2766; x_wconf 81' lang='lat' dir='ltr'><strong>vir</strong></span> <span class='ocrx_word' id='word_1_192' title='bbox 686 2707 793 2768; x_wconf 88' lang='lat' dir='ltr'><strong>animo</strong></span> <span class='ocrx_word' id='word_1_193' title='bbox 808 2721 841 2768; x_wconf 88' lang='lat' dir='ltr'><strong>et</strong></span> <span class='ocrx_word' id='word_1_194' title='bbox 855 2709 991 2771; x_wconf 89' lang='lat' dir='ltr'><strong>scientia</strong></span> <span class='ocrx_word' id='word_1_195' title='bbox 1005 2707 1188 2772; x_wconf 83' lang='lat' dir='ltr'><strong>maritimae</strong></span> <span class='ocrx_word' id='word_1_196' title='bbox 1204 2709 1254 2770; x_wconf 89' lang='lat' dir='ltr'><strong>rei</strong></span> <span class='ocrx_word' id='word_1_197' title='bbox 1268 2729 1284 2767; x_wconf 92' lang='lat' dir='ltr'><strong>n</strong></span> 
     </span>
     <span class='ocr_line' id='line_1_29' title="bbox 147 2763 1286 2875; baseline -0.001 -25"><span class='ocrx_word' id='word_1_198' title='bbox 147 2763 281 2822; x_wconf 59' lang='lat' dir='ltr'><strong>mm·</strong></span> <span class='ocrx_word' id='word_1_199' title='bbox 337 2789 361 2851; x_wconf 85' lang='lat' dir='ltr'><strong>ti</strong></span> <span class='ocrx_word' id='word_1_200' title='bbox 386 2787 647 2875; x_wconf 78' lang='lat' dir='ltr'><strong>postponendus,</strong></span> <span class='ocrx_word' id='word_1_201' title='bbox 676 2790 798 2874; x_wconf 81' lang='lat' dir='ltr'><strong>recipit</strong></span> <span class='ocrx_word' id='word_1_202' title='bbox 824 2792 974 2864; x_wconf 79' lang='lat' dir='ltr'><strong>Caesari,</strong></span> <span class='ocrx_word' id='word_1_203' title='bbox 1002 2788 1286 2874; x_wconf 72' lang='lat' dir='ltr'><strong>seprrgrrffirmfr</strong></span> 
     </span>
     <span class='ocr_line' id='line_1_30' title="bbox 335 2869 1243 2958; baseline 0.006 -28"><span class='ocrx_word' id='word_1_204' title='bbox 335 2889 508 2932; x_wconf 66' lang='lat' dir='ltr'><strong>sacratorum</strong></span> <span class='ocrx_word' id='word_1_205' title='bbox 527 2872 574 2950; x_wconf 76' lang='lat' dir='ltr'><strong>effi</strong></span> <span class='ocrx_word' id='word_1_206' title='bbox 588 2869 812 2948; x_wconf 75' lang='lat' dir='ltr'><strong>Alexandrinos,</strong></span> <span class='ocrx_word' id='word_1_207' title='bbox 840 2873 924 2935; x_wconf 75' lang='lat' dir='ltr'><strong>detrec</strong></span> <span class='ocrx_word' id='word_1_208' title='bbox 934 2871 1114 2958; x_wconf 74' lang='lat' dir='ltr'><strong>subsequatur</strong></span> <span class='ocrx_word' id='word_1_209' title='bbox 1133 2893 1243 2936; x_wconf 79' lang='lat' dir='ltr'><strong>ceterae</strong></span> 
     </span>
     <span class='ocr_line' id='line_1_31' title="bbox 333 2949 1135 3038; baseline 0 -25"><span class='ocrx_word' id='word_1_210' title='bbox 333 2953 473 3038; x_wconf 71' lang='lat' dir='ltr'><strong>explicare</strong></span> <span class='ocrx_word' id='word_1_211' title='bbox 490 2957 571 3014; x_wconf 81' lang='lat' dir='ltr'><strong>ariera</strong></span> <span class='ocrx_word' id='word_1_212' title='bbox 588 2949 702 3034; x_wconf 76' lang='lat' dir='ltr'><strong>pofferm</strong></span> <span class='ocrx_word' id='word_1_213' title='bbox 1130 2957 1135 2962; x_wconf 86' lang='grc'><em>’</em></span> 
     </span>
    </p>
   </div>
   <div class='ocr_carea' id='block_1_4' title="bbox 106 3059 1294 3785">
    <p class='ocr_par' dir='ltr' id='par_1_8' title="bbox 106 3059 1290 3206">
     <span class='ocr_line' id='line_1_32' title="bbox 106 3059 1290 3206; baseline -0.002 -80"><span class='ocrx_word' id='word_1_214' title='bbox 106 3083 121 3126; x_wconf 62' lang='lat'><strong>›“</strong></span> <span class='ocrx_word' id='word_1_215' title='bbox 162 3067 324 3152; x_wconf 51' lang='lat' dir='ltr'><strong>ateaeandpss</strong></span> <span class='ocrx_word' id='word_1_216' title='bbox 356 3075 359 3082; x_wconf 83' lang='lat'>&#39;</span> <span class='ocrx_word' id='word_1_217' title='bbox 396 3061 510 3124; x_wconf 82' lang='lat' dir='ltr'><strong>LXXI.</strong></span> <span class='ocrx_word' id='word_1_218' title='bbox 541 3065 610 3125; x_wconf 86' lang='lat' dir='ltr'><strong>Nee</strong></span> <span class='ocrx_word' id='word_1_219' title='bbox 638 3061 730 3144; x_wconf 86' lang='lat' dir='ltr'><strong>plura</strong></span> <span class='ocrx_word' id='word_1_220' title='bbox 757 3061 910 3147; x_wconf 86' lang='lat' dir='ltr'><strong>promisit</strong></span> <span class='ocrx_word' id='word_1_221' title='bbox 935 3061 1013 3141; x_wconf 88' lang='lat' dir='ltr'><strong>ilie,</strong></span> <span class='ocrx_word' id='word_1_222' title='bbox 1047 3083 1142 3206; x_wconf 87' lang='lat' dir='ltr'><strong>quarn</strong></span> <span class='ocrx_word' id='word_1_223' title='bbox 1161 3059 1290 3150; x_wconf 76' lang='lat' dir='ltr'><strong>praestit</strong></span> 
     </span>
    </p>

    <p class='ocr_par' dir='ltr' id='par_1_9' title="bbox 147 3139 1265 3230">
     <span class='ocr_line' id='line_1_33' title="bbox 147 3139 1265 3230; baseline -0.002 -22"><span class='ocrx_word' id='word_1_224' title='bbox 147 3139 540 3228; x_wconf 59' lang='lat' dir='ltr'><strong>udrmrrsciantiaque</strong></span> <span class='ocrx_word' id='word_1_225' title='bbox 559 3145 780 3217; x_wconf 86' lang='lat' dir='ltr'><strong>Rhodiorum,</strong></span> <span class='ocrx_word' id='word_1_226' title='bbox 808 3159 842 3208; x_wconf 90' lang='lat' dir='ltr'><strong>et</strong></span> <span class='ocrx_word' id='word_1_227' title='bbox 861 3145 982 3208; x_wconf 77' lang='lat' dir='ltr'><strong>virtute</strong></span> <span class='ocrx_word' id='word_1_228' title='bbox 1005 3145 1049 3206; x_wconf 87' lang='lat' dir='ltr'><strong>mi</strong></span> <span class='ocrx_word' id='word_1_229' title='bbox 1064 3146 1140 3220; x_wconf 88' lang='lat' dir='ltr'><strong>itis,</strong></span> <span class='ocrx_word' id='word_1_230' title='bbox 1164 3167 1265 3230; x_wconf 87' lang='lat' dir='ltr'><strong>quum</strong></span> 
     </span>
    </p>

    <p class='ocr_par' dir='ltr' id='par_1_10' title="bbox 145 3217 1294 3785">
     <span class='ocr_line' id='line_1_34' title="bbox 145 3217 1275 3315; baseline -0.003 -25"><span class='ocrx_word' id='word_1_231' title='bbox 145 3217 255 3264; x_wconf 64' lang='lat' dir='ltr'><strong>“m&#39;&#39;</strong></span> <span class='ocrx_word' id='word_1_232' title='bbox 337 3229 440 3290; x_wconf 81' lang='lat' dir='ltr'><strong>salute</strong></span> <span class='ocrx_word' id='word_1_233' title='bbox 460 3249 515 3290; x_wconf 89' lang='lat' dir='ltr'><strong>sua</strong></span> <span class='ocrx_word' id='word_1_234' title='bbox 533 3241 567 3290; x_wconf 85' lang='lat' dir='ltr'><strong>et</strong></span> <span class='ocrx_word' id='word_1_235' title='bbox 582 3248 701 3288; x_wconf 89' lang='lat' dir='ltr'><strong>eorum.</strong></span> <span class='ocrx_word' id='word_1_236' title='bbox 713 3229 821 3302; x_wconf 86' lang='lat' dir='ltr'><strong>etiam,</strong></span> <span class='ocrx_word' id='word_1_237' title='bbox 845 3229 901 3312; x_wconf 87' lang='lat' dir='ltr'><strong>qui</strong></span> <span class='ocrx_word' id='word_1_238' title='bbox 918 3227 1029 3290; x_wconf 86' lang='lat' dir='ltr'><strong>relicti</strong></span> <span class='ocrx_word' id='word_1_239' title='bbox 1044 3229 1079 3288; x_wconf 91' lang='lat' dir='ltr'><strong>in</strong></span> <span class='ocrx_word' id='word_1_240' title='bbox 1093 3227 1225 3315; x_wconf 80' lang='lat' dir='ltr'><strong>oppido</strong></span> <span class='ocrx_word' id='word_1_241' title='bbox 1239 3249 1275 3288; x_wconf 88' lang='lat' dir='ltr'><strong>er</strong></span> 
     </span>
     <span class='ocr_line' id='line_1_35' title="bbox 336 3310 1288 3408; baseline -0.005 -34"><span class='ocrx_word' id='word_1_242' title='bbox 336 3311 573 3374; x_wconf 77' lang='lat' dir='ltr'><strong>sicutmomine</strong></span> <span class='ocrx_word' id='word_1_243' title='bbox 590 3313 735 3372; x_wconf 77' lang='lat' dir='ltr'><strong>Romano</strong></span> <span class='ocrx_word' id='word_1_244' title='bbox 759 3325 791 3373; x_wconf 90' lang='lat' dir='ltr'><strong>et</strong></span> <span class='ocrx_word' id='word_1_245' title='bbox 813 3311 925 3373; x_wconf 79' lang='lat' dir='ltr'><strong>ultima</strong></span> <span class='ocrx_word' id='word_1_246' title='bbox 943 3310 1132 3374; x_wconf 86' lang='lat' dir='ltr'><strong>nccessitate</strong></span> <span class='ocrx_word' id='word_1_247' title='bbox 1153 3311 1288 3408; x_wconf 74' lang='lat' dir='ltr'><strong>dignum</strong></span> 
     </span>
     <span class='ocr_line' id='line_1_36' title="bbox 335 3392 1266 3474; baseline -0.006 -16"><span class='ocrx_word' id='word_1_248' title='bbox 335 3408 402 3466; x_wconf 89' lang='lat' dir='ltr'><strong>rat,</strong></span> <span class='ocrx_word' id='word_1_249' title='bbox 426 3393 613 3462; x_wconf 83' lang='lat' dir='ltr'><strong>dimicaret,</strong></span> <span class='ocrx_word' id='word_1_250' title='bbox 638 3392 862 3472; x_wconf 68' lang='lat' dir='ltr'><strong>Alexandrini,</strong></span> <span class='ocrx_word' id='word_1_251' title='bbox 874 3393 964 3474; x_wconf 24' lang='lat' dir='ltr'><strong>*licet</strong></span> <span class='ocrx_word' id='word_1_252' title='bbox 978 3411 1114 3456; x_wconf 80' lang='lat' dir='ltr'><strong>numero</strong></span> <span class='ocrx_word' id='word_1_253' title='bbox 1131 3413 1266 3456; x_wconf 81' lang='lat' dir='ltr'><strong>navium</strong></span> 
     </span>
     <span class='ocr_line' id='line_1_37' title="bbox 335 3473 1269 3560; baseline -0.002 -23"><span class='ocrx_word' id='word_1_254' title='bbox 335 3477 522 3559; x_wconf 77' lang='lat' dir='ltr'><strong>mirumque</strong></span> <span class='ocrx_word' id='word_1_255' title='bbox 542 3475 643 3536; x_wconf 81' lang='lat' dir='ltr'><strong>uruito</strong></span> <span class='ocrx_word' id='word_1_256' title='bbox 662 3477 866 3558; x_wconf 86' lang='lat' dir='ltr'><strong>superiores,</strong></span> <span class='ocrx_word' id='word_1_257' title='bbox 888 3473 967 3536; x_wconf 79' lang='lat' dir='ltr'><strong>vieti</strong></span> <span class='ocrx_word' id='word_1_258' title='bbox 987 3487 1070 3535; x_wconf 89' lang='lat' dir='ltr'><strong>sunt.</strong></span> <span class='ocrx_word' id='word_1_259' title='bbox 1097 3495 1222 3560; x_wconf 83' lang='lat' dir='ltr'><strong>paucas</strong></span> <span class='ocrx_word' id='word_1_260' title='bbox 1238 3488 1269 3536; x_wconf 89' lang='lat' dir='ltr'><strong>ta</strong></span> 
     </span>
     <span class='ocr_line' id='line_1_38' title="bbox 334 3555 1286 3697; baseline 0 -77"><span class='ocrx_word' id='word_1_261' title='bbox 334 3559 515 3620; x_wconf 83' lang='lat' dir='ltr'><strong>emiserunt</strong></span> <span class='ocrx_word' id='word_1_262' title='bbox 539 3577 638 3636; x_wconf 79' lang='lat' dir='ltr'><strong>nares</strong></span> <span class='ocrx_word' id='word_1_263' title='bbox 665 3571 804 3640; x_wconf 86' lang='lat' dir='ltr'><strong>propter</strong></span> <span class='ocrx_word' id='word_1_264' title='bbox 826 3555 1048 3697; x_wconf 84' lang='lat' dir='ltr'><strong>propinquum</strong></span> <span class='ocrx_word' id='word_1_265' title='bbox 1072 3557 1286 3642; x_wconf 76' lang='lat' dir='ltr'><strong>perfugium,</strong></span> 
     </span>
     <span class='ocr_line' id='line_1_39' title="bbox 360 3581 1294 3710; baseline 0.001 -9"><span class='ocrx_word' id='word_1_266' title='bbox 360 3642 411 3702; x_wconf 88' lang='lat' dir='ltr'><strong>uia</strong></span> <span class='ocrx_word' id='word_1_267' title='bbox 432 3660 472 3701; x_wconf 81' lang='lat' dir='ltr'><strong>ex</strong></span> <span class='ocrx_word' id='word_1_268' title='bbox 493 3637 634 3700; x_wconf 85' lang='lat' dir='ltr'><strong>molibus</strong></span> <span class='ocrx_word' id='word_1_269' title='bbox 655 3653 688 3700; x_wconf 91' lang='lat' dir='ltr'><strong>et</strong></span> <span class='ocrx_word' id='word_1_270' title='bbox 709 3635 870 3702; x_wconf 77' lang='lat' dir='ltr'><strong>aedificiis</strong></span> <span class='ocrx_word' id='word_1_271' title='bbox 909 3635 988 3698; x_wconf 87' lang='lat' dir='ltr'><strong>itori</strong></span> <span class='ocrx_word' id='word_1_272' title='bbox 1012 3639 1265 3710; x_wconf 86' lang='lat' dir='ltr'><strong>imminentibus</strong></span> <span class='ocrx_word' id='word_1_273' title='bbox 1285 3581 1294 3710; x_wconf 77' lang='lat' dir='ltr'><strong>i</strong></span> 
     </span>
     <span class='ocr_line' id='line_1_40' title="bbox 335 3659 1294 3785; baseline -0.003 0"><span class='ocrx_word' id='word_1_274' title='bbox 335 3659 564 3785; x_wconf 66' lang='lat' dir='ltr'><strong>iondebentur.</strong></span> <span class='ocrx_word' id='word_1_275' title='bbox 666 3761 670 3772; x_wconf 89' lang='lat'>·</span> <span class='ocrx_word' id='word_1_276' title='bbox 724 3768 729 3778; x_wconf 66' lang='grc'>,</span> <span class='ocrx_word' id='word_1_277' title='bbox 1053 3747 1060 3756; x_wconf 85' lang='grc'><strong><em>·</em></strong></span> <span class='ocrx_word' id='word_1_278' title='bbox 1156 3754 1161 3765; x_wconf 91' lang='grc'>·</span> <span class='ocrx_word' id='word_1_279' title='bbox 1293 3737 1294 3754; x_wconf 64' lang='grc'>’</span> 
     </span>
    </p>
   </div>
   <div class='ocr_carea' id='block_1_5' title="bbox 151 3759 1294 4192">
    <p class='ocr_par' dir='ltr' id='par_1_11' title="bbox 151 3759 1294 4076">
     <span class='ocr_line' id='line_1_41' title="bbox 181 3759 1294 3912; baseline 0.001 -21"><span class='ocrx_word' id='word_1_280' title='bbox 181 3838 313 3892; x_wconf 71' lang='lat' dir='ltr'><strong>caesaris</strong></span> <span class='ocrx_word' id='word_1_281' title='bbox 398 3828 527 3890; x_wconf 82' lang='lat' dir='ltr'><strong>Lxxn.</strong></span> <span class='ocrx_word' id='word_1_282' title='bbox 550 3827 678 3890; x_wconf 84' lang='lat' dir='ltr'><strong>idcirco</strong></span> <span class='ocrx_word' id='word_1_283' title='bbox 692 3827 831 3900; x_wconf 70' lang='lat' dir='ltr'><strong>Caesar,</strong></span> <span class='ocrx_word' id='word_1_284' title='bbox 854 3843 919 3912; x_wconf 90' lang='lat' dir='ltr'><strong>quo</strong></span> <span class='ocrx_word' id='word_1_285' title='bbox 937 3806 1019 3886; x_wconf 75' lang='lat' dir='ltr'><strong>hanc</strong></span> <span class='ocrx_word' id='word_1_286' title='bbox 1037 3826 1087 3910; x_wconf 82' lang='lat' dir='ltr'><strong>eis</strong></span> <span class='ocrx_word' id='word_1_287' title='bbox 1103 3759 1294 3894; x_wconf 74' lang='lat' dir='ltr'><strong>adimeretd</strong></span> 
     </span>
     <span class='ocr_line' id='line_1_42' title="bbox 151 3899 1294 4054; baseline -0.002 -80"><span class='ocrx_word' id='word_1_288' title='bbox 151 3907 311 3980; x_wconf 62' lang='lat' dir='ltr'><strong>wimm-</strong></span> <span class='ocrx_word' id='word_1_289' title='bbox 334 3911 586 4054; x_wconf 68' lang='lat' dir='ltr'><strong>portunitatem,</strong></span> <span class='ocrx_word' id='word_1_290' title='bbox 611 3911 742 3976; x_wconf 72' lang='lat' dir='ltr'><strong>omnino</strong></span> <span class='ocrx_word' id='word_1_291' title='bbox 766 3911 829 3973; x_wconf 87' lang='lat' dir='ltr'><strong>sibi</strong></span> <span class='ocrx_word' id='word_1_292' title='bbox 850 3905 1030 3971; x_wconf 85' lang='lat' dir='ltr'><strong>conandum</strong></span> <span class='ocrx_word' id='word_1_293' title='bbox 1056 3899 1294 3982; x_wconf 56' lang='lat' dir='ltr'><strong>existimamini</strong></span> 
     </span>
     <span class='ocr_line' id='line_1_43' title="bbox 364 3989 1294 4076; baseline 0 -22"><span class='ocrx_word' id='word_1_294' title='bbox 364 3991 477 4054; x_wconf 85' lang='lat' dir='ltr'><strong>harum</strong></span> <span class='ocrx_word' id='word_1_295' title='bbox 495 3989 545 4063; x_wconf 80' lang='lat' dir='ltr'><strong>et,</strong></span> <span class='ocrx_word' id='word_1_296' title='bbox 570 4013 630 4076; x_wconf 89' lang='lat' dir='ltr'><strong>qua</strong></span> <span class='ocrx_word' id='word_1_297' title='bbox 646 3989 772 4054; x_wconf 82' lang='lat' dir='ltr'><strong>Pharus</strong></span> <span class='ocrx_word' id='word_1_298' title='bbox 787 3989 1003 4056; x_wconf 76' lang='lat' dir='ltr'><strong>Alexandriae</strong></span> <span class='ocrx_word' id='word_1_299' title='bbox 1019 3993 1252 4066; x_wconf 86' lang='lat' dir='ltr'><strong>committitur,</strong></span> <span class='ocrx_word' id='word_1_300' title='bbox 1273 3991 1294 4054; x_wconf 72' lang='lat' dir='ltr'><strong>a</strong></span> 
     </span>
    </p>

    <p class='ocr_par' dir='ltr' id='par_1_12' title="bbox 335 4072 1294 4192">
     <span class='ocr_line' id='line_1_44' title="bbox 335 4072 1294 4192; baseline -0.001 -56"><span class='ocrx_word' id='word_1_301' title='bbox 335 4072 463 4154; x_wconf 66' lang='lat' dir='ltr'><strong>tentjin</strong></span> <span class='ocrx_word' id='word_1_302' title='bbox 484 4090 544 4134; x_wconf 84' lang='lat' dir='ltr'><strong>sua</strong></span> <span class='ocrx_word' id='word_1_303' title='bbox 568 4072 729 4159; x_wconf 70' lang='lat' dir='ltr'><strong>potestate</strong></span> <span class='ocrx_word' id='word_1_304' title='bbox 754 4075 899 4138; x_wconf 81' lang='lat' dir='ltr'><strong>haberet.</strong></span> <span class='ocrx_word' id='word_1_305' title='bbox 943 4076 1059 4159; x_wconf 81' lang='lat' dir='ltr'><strong>Neque</strong></span> <span class='ocrx_word' id='word_1_306' title='bbox 1082 4072 1294 4192; x_wconf 55' lang='lat' dir='ltr'><strong>difficulterq</strong></span> 
     </span>
    </p>
   </div>
   <div class='ocr_carea' id='block_1_6' title="bbox 337 4184 675 4204">
    <p class='ocr_par' dir='ltr' id='par_1_13' title="bbox 337 4184 675 4204">
     <span class='ocr_line' id='line_1_45' title="bbox 337 4184 675 4204; baseline 0.012 -6"><span class='ocrx_word' id='word_1_307' title='bbox 337 4184 675 4204; x_wconf 51' lang='lat' dir='ltr'><strong>m</strong></span> 
     </span>
    </p>
   </div>
   <div class='ocr_carea' id='block_1_7' title="bbox 369 4229 1058 4346">
    <p class='ocr_par' dir='ltr' id='par_1_14' title="bbox 369 4229 1058 4346">
     <span class='ocr_line' id='line_1_46' title="bbox 369 4229 1058 4346; baseline -0.045 -55"><span class='ocrx_word' id='word_1_308' title='bbox 369 4233 443 4306; x_wconf 67' lang='lat' dir='ltr'><strong>Gap.</strong></span> <span class='ocrx_word' id='word_1_309' title='bbox 456 4233 588 4346; x_wconf 60' lang='lat' dir='ltr'><strong>LXVIP,</strong></span> <span class='ocrx_word' id='word_1_310' title='bbox 608 4233 678 4304; x_wconf 76' lang='lat' dir='ltr'><strong>Dia,</strong></span> <span class='ocrx_word' id='word_1_311' title='bbox 694 4233 716 4292; x_wconf 78' lang='lat'><strong>1⁸</strong></span> <span class='ocrx_word' id='word_1_312' title='bbox 731 4237 775 4307; x_wconf 61' lang='lat'><strong>473</strong></span> <span class='ocrx_word' id='word_1_313' title='bbox 800 4233 880 4292; x_wconf 57' lang='lat' dir='ltr'><strong>mm</strong></span> <span class='ocrx_word' id='word_1_314' title='bbox 931 4229 934 4232; x_wconf 96' lang='lat'>-</span> <span class='ocrx_word' id='word_1_315' title='bbox 963 4247 1058 4306; x_wconf 61' lang='lat'><strong>&#39;⁶2&#39;</strong></span> 
     </span>
    </p>
   </div>
   <div class='ocr_carea' id='block_1_8' title="bbox 1286 4301 1294 4360">
    <p class='ocr_par' dir='ltr' id='par_1_15' title="bbox 1286 4301 1294 4360">
     <span class='ocr_line' id='line_1_47' title="bbox 1286 4301 1294 4360; baseline 0 -6"><span class='ocrx_word' id='word_1_316' title='bbox 1286 4301 1294 4360; x_wconf 52' lang='grc' dir='ltr'>Δ</span> 
     </span>
    </p>
   </div>
   <div class='ocr_carea' id='block_1_9' title="bbox 0 0 1302 4686">
    <p class='ocr_par' dir='ltr' id='par_1_16' title="bbox 0 0 1302 4686">
     <span class='ocr_line' id='line_1_48' title="bbox 0 0 1302 4686; baseline 0 3"><span class='ocrx_word' id='word_1_317' title='bbox 0 0 1302 4686; x_wconf 95' lang='lat' dir='ltr'><strong> </strong></span> 
     </span>
    </p>
   </div>
  </div>
 </body>
</html>
