2596 4686
242 321 266 371 ,
319 309 376 352 ..0
401 279 1036 390 enmusitsnrrnennnronnn
1051 288 1277 358 nemun.

63 519 67 524 ·
153 497 188 554 U·
210 495 392 574 ⁰·7⁰4·m0,
423 521 519 586 quem
542 499 699 572 habebat,
729 501 780 562 rei
807 499 958 562 militaris
984 481 1064 572 usu,
1095 495 1282 582 praedixerat

54 1430 75 1464 N

150 565 186 620 Α·
205 567 237 622 ⁰·
254 565 298 634 4⁰·
320 583 518 646 Funditores
539 595 572 643 et
591 581 768 664 sagittetii,
791 584 830 644 ab
848 579 1169 666 equitatu··dellituti'‚
1192 591 1282 639 exten

318 667 374 748 plo
395 665 608 728 circumventi
627 665 715 725 caesi
742 686 781 725 ue
801 677 886 725 sunt.
930 659 1116 746 Pompeius,
1138 661 1224 724 victa
1239 681 1282 743 par

316 760 350 808 te
376 766 529 819 suorum,
560 745 594 805 in
620 767 682 829 qua
710 685 885 828 plurimum
911 743 1050 805 fiduciae
1077 743 1282 804 collocaverat

316 828 469 890 damnare
486 849 561 912 spes
574 847 646 888 suas
659 829 781 912 caepit,
804 828 939 910 acieque
955 825 1068 887 relicta
1082 824 1209 908 fugere.
1233 827 1275 884 Tu

173 942 178 952 ·
317 931 410 981 vero,
433 909 539 972 caesis
558 908 720 990 fugatisve
737 909 885 980 ducibus,
908 907 988 970 nulli
1003 907 1064 981 rei,
1087 845 1283 1049 praeterqtnl

225 985 228 996 ’
316 992 478 1054 turbando
497 991 655 1063 invicem,
680 991 797 1053 idonea
816 991 983 1073 copiarum
1004 987 1226 1074 magnitudoa
1264 1005 1283 1050 st

317 1074 464 1136 tietatem
482 1072 581 1134 hostie
599 1093 693 1134 caesa
712 1072 774 1136 eil:
795 1074 901 1136 donec
921 1073 1075 1134 misertus
1091 1074 1212 1133 Caesar
1227 1091 1283 1156 pan

232 1209 237 1226 ,
320 1157 449 1220 civibus
467 1155 564 1236 jutnt.
606 1155 680 1216 Hoc
698 1155 844 1240 imperio*
858 1175 919 1238 per
939 1154 1074 1218 ordines
1092 1155 1234 1237 vulgato,
1255 1153 1283 1211 mi

320 1238 415 1311 lites,
438 1239 485 1300 nti
505 1240 557 1299 cui
576 1240 723 1300 Romano
741 1251 964 1311 occurrerant,
986 1236 1066 1298 [lure
1086 1254 1235 1296 securum
1249 1234 1283 1316 ju

317 1333 454 1382 serunt:
488 1321 522 1381 in
544 1319 660 1405 curilis
682 1333 750 1381 tota
769 1321 849 1382 belli
870 1319 918 1382 ira
942 1319 1108 1393 incubuit,
1139 1331 1284 1400 eorumqu

320 1401 438 1487 ingens
457 1403 589 1492 concisa
606 1401 780 1464 multitudo
799 1401 853 1466 en.
1283 1415 1284 1446 ¹

150 1527 245 1598 castra
265 1543 310 1584 tl·
385 1535 513 1601 LXVII.
537 1535 674 1610 Caesar,
722 1559 889 1623 numquam
903 1537 1057 1622 fatigatus
1098 1525 1208 1598 raclio
1225 1521 1284 1598 mill

131 1611 297 1674 mmm·
322 1614 409 1689 eeilu
426 1637 556 1702 qnoque
575 1557 818 1701 aggravlbatun
832 1623 919 1702 (nam
936 1623 973 1684 ad
991 1557 1284 1687 meriliemextract

321 1720 433 1784 pugna,
447 1703 536 1776 erat)
553 1713 659 1762 tamen
677 1703 862 1780 monendo,
885 1707 919 1766 ni
942 1701 1040 1766 cailra
1062 1698 1199 1764 bostium
1221 1721 1255 1761 ex
1276 1722 1284 1758 ι

321 1796 482 1865 gncntur,
514 1781 738 1865 imperfectam
766 1787 934 1848 victoriam
959 1784 1124 1868 relinqui,
1158 1723 1280 1865 perpuli

320 1877 357 1924 ut
374 1863 490 1925 eodem
507 1864 631 1946 impetu
649 1866 733 1934 rullo
751 1865 888 1928 bostium
907 1867 1133 1930 succederent.
1162 1885 1247 1936 nam,
1265 1883 1285 1944 st

319 1965 383 2028 per
398 1947 623 2008 auctoritatem
637 1947 846 2030 imperatoris
861 1964 894 2011 et
909 1951 1012 2012 eletos
1027 1947 1173 2010 succeilu
1185 1948 1285 2007 animo.

320 2027 443 2112 praeda
459 2023 644 2102 castrorum,
660 2049 754 2112 quam
770 2031 916 2092 sciebant
932 2026 1252 2116 amplillimamicre,
1269 2029 1285 2088 it

322 2109 553 2170 cendebantur.
598 2108 720 2182 Castra,
751 2113 948 2196 aliquamdiu
967 2111 1180 2175 a'Phracib'us
1199 2109 1285 2194 magi!

321 2212 417 2274 quarn
433 2213 448 2252 a
464 2191 630 2265 Romanis,
655 2193 825 2272 (cohortes
845 2209 972 2279 septem
990 2193 1099 2258 castris
1119 2191 1285 2286 castellisqr

117 2319 127 2346 ,
202 2339 207 2347 ,
295 2287 298 2292 ·
320 2273 491 2360 praesidio
510 2273 687 2358 Pompejus
706 2275 903 2360 reliquerat)
925 2277 1080 2350 defensa,
1104 2289 1285 2338 venerumt

320 2354 511 2437 potestatem
529 2355 676 2418 victoris.
720 2359 801 2417 'l'um
819 2379 899 2422 vero
911 2357 1114 2444 Pompeium,
1138 2359 1194 2442 qui
1212 2357 1286 2418 lractt

321 2453 384 2497 nus
401 2440 435 2499 in
451 2439 619 2522 praetorio
636 2437 766 2500 sederat
780 2442 909 2515 tacitus,
932 2442 1013 2504 baec
1025 2439 1127 2504 verba
1141 2442 1286 2524 loquutun

320 2517 450 2580 Etiamne
469 2523 499 2578 in
516 2519 625 2596 castra?
646 2533 768 2581 mutato
787 2519 898 2585 babitu
915 2523 1032 2608 lugiffe
1047 2522 1189 2586 tradunt.
1218 2525 1286 2583 Inter

321 2599 367 2660 im
384 2615 417 2664 et
434 2598 578 2676 callella,
610 2600 825 2678 dedentibus,
858 2606 914 2690 qni
931 2617 1123 2677 tenuerant,
1148 2626 1165 2664 a
1180 2605 1218 2666 P.
1234 2603 1286 2665 Sul

321 2697 413 2765 capta
442 2696 527 2746 sunt.
572 2685 691 2746 Caesar
713 2683 818 2747 adhuc
838 2686 882 2746 im
909 2689 1027 2750 etravit
1046 2707 1064 2748 a
1083 2687 1172 2759 suis,
1193 2699 1247 2758 ut,
1268 2705 1286 2746 n

215 2836 221 2848 .
321 2763 397 2826 licta
413 2763 545 2849 praede,
569 2781 689 2830 novum
709 2767 846 2851 insuper
863 2709 1008 2831 laborem
1029 2769 1248 2854 susciperent,
1267 2787 1286 2827 e

322 2847 504 2930 pugnandis
517 2847 737 2932 Pompeianis,
758 2851 814 2946 qui
832 2871 851 2914 e
866 2849 975 2914 cailrls
992 2851 1185 2934 refugerant
1198 2849 1232 2910 in
1245 2870 1286 2934 pn

322 2928 445 2990 timum
463 2943 625 3003 montem,
652 2943 704 3003 et,
728 2951 804 3015 quia
824 2933 916 2996 locus
934 2953 1035 3032 aquae
1053 2945 1124 2995 erat
1144 2933 1252 3016 inops,
1272 2931 1286 3010 jt

324 3010 375 3092 gis
400 3012 469 3092 ejus
493 3011 644 3074 Lariffam
671 3031 786 3075 versus
813 3035 849 3078 se
873 3017 1086 3100 recipiebant.
1120 3015 1167 3092 ,ld
1193 3033 1286 3098 quoqt

325 3091 439 3154 eedem
465 3093 520 3155 dic
542 3093 727 3177 perfectum
749 3093 811 3170 eil,
842 3119 1031 3184 quamquam
1053 3111 1087 3160 et
1104 3091 1247 3182 pail'uum
1265 3095 1286 3155 al

262 3179 265 3188 '
325 3187 406 3318 quot
425 3175 608 3241 emetienda
626 3177 745 3251 millia,
776 3193 809 3241 et
830 3193 1001 3264 praeterea
1020 3177 1198 3242 muniendo
1219 3179 1286 3241 secl

349 3257 452 3318 endus
472 3271 615 3320 amente
634 3259 718 3332 alio,
750 3281 845 3345 quem
869 3261 976 3324 hoiles
1002 3277 1176 3348 ceperant,
1206 3259 1286 3322 {luti

325 3340 401 3402 fuit.
434 3351 520 3401 tanta
548 3351 619 3402 erat
648 3354 681 3402 et
709 3341 917 3426 imperatoris
945 3345 1061 3419 illius,¹
1085 3359 1120 3406 et
1140 3345 1283 3408 exercitu

326 3435 456 3506 tamque
474 3423 595 3486 invicta
614 3421 712 3485 armis
732 3439 765 3486 et
781 3425 949 3489 laboribus
968 3427 1130 3490 alacritas.

169 3563 298 3620 Caesaris
389 3551 533 3618 vanl.
564 3553 609 3614 At
627 3556 764 3630 Caesar,
796 3557 881 3619 sicut
903 3559 1127 3702 praedixerat}
1158 3559 1193 3621 iu
1216 3555 1286 3623 calli

138 3634 291 3690 ctmsasta.
327 3633 462 3696 hostium
483 3647 592 3697 exacta
610 3649 718 3710 nocte,
742 3640 844 3724 captis
862 3639 902 3702 de
928 3641 1216 3739 itisqueemnibus
1230 3641 1281 3722 ign

327 3715 391 3786 vit,
416 3719 550 3778 maxime
570 3717 674 3780 laetus
691 3723 735 3781 Μ.
753 3723 857 3784 Bruto
875 3723 939 3785 Cae
979 3744 1040 3786 oue
1062 3737 1203 3796 servato,
1224 3743 1286 3804 aq1

326 3793 435 3888 pellea
455 3797 649 3861 interiectus
670 3799 725 3866 est.
766 3804 797 3865 ls
816 3747 980 3882 ιΒαιίΠΡΙ,
1006 3827 1070 3891 quo
1089 3805 1125 3867 se
1143 3805 1286 3868 contuler

332 3921 673 3942 m

361 3983 554 4067 Cap.LXy1.
573 3983 683 4044 Lucan.
703 3991 787 4046 Caes.
807 3993 890 4050 Flor.
911 3995 997 4052 Caes.
1017 3993 1094 4050 Plut.
1113 3992 1197 4050 Flcr.
1217 3997 1286 4050 Lura

325 4053 409 4108 rior.
431 4054 560 4126 Appiam.
580 4057 748 4122 veihaba.
771 4059 894 4118 Sueten.
915 4065 999 4120 Caes.
1020 4081 1045 4116 c.
1058 4065 1102 4130 75.
1130 4065 1286 4138 Capilli

327 4119 461 4244 thppian3
480 4124 564 4179 Caes.
581 4123 658 4180 Plut.
679 4127 808 4200 Appian.
828 4133 912 4190 Caes.
950 4133 1023 4206 Cap.
1039 4123 1174 4189 vanl.
1200 4133 1286 4204 Appia

301 4229 304 4238 .
352 4205 392 4246 rs.
406 4193 486 4283 Eprt.
511 4191 589 4248 Plut.
609 4194 694 4251 Caes.
716 4205 745 4251 at
763 4199 849 4256 Brut.
