2588 4688
81 335 87 342 ’
200 439 204 452 Ι
246 309 250 323 ’
332 345 402 411 aaa.r
421 327 1181 454 rueinsesmrteueunanmxmx.
1198 361 1286 404 aaa.

154 550 192 610 (l.
208 553 314 632 cacco.
326 550 523 614 Pharsaliam
542 563 651 621 antea,
680 563 713 613 et
734 551 814 612 olim
830 553 910 614 Ponl
936 550 1022 632 ejus,
1053 549 1218 613 debellato
1238 552 1284 614 8·

155 619 194 678 Ᾱό
207 621 305 710 ⁰·.⁴⁶·
326 635 432 704 torio,
456 647 575 694 somma
594 651 666 692 cum
684 631 896 696 admiratione
914 575 1083 694 lominum
1102 645 1202 716 atque
1222 633 1282 694 lau

324 713 483 796 fecerat„
503 717 547 776 lta
565 713 757 786 multorum,
787 717 843 799 qui
864 729 977 778 contra
996 715 1103 798 ipsum
1124 732 1265 775 sensere

322 799 510 882 opprimere
530 795 675 864 crimina,
698 813 791 880 quam
812 794 957 880 exsequi,
979 795 1133 856 malebatt
1155 815 1212 870 ne,
1233 819 1285 880 qu

320 891 439 940 mutata
459 877 589 940 fortuna
609 875 755 937 animum*
772 891 949 940 mutaturos
975 878 1039 938 ell'e
1064 875 1210 948 sciebat,
1240 899 1293 958 p·-

320 979 453 1028 manere
478 959 511 1020 in
536 955 613 1021 odio
641 970 674 1020 et
698 957 880 1021 inimicitiis
908 959 961 1020 rel
988 957 1139 1020 nolentes
1164 978 1293 1040 coget

321 1043 436 1104 Tantis
463 1039 650 1102 robustam
677 1041 832 1103 celeriter
856 1039 1032 1124 consectis,
1070 1039 1182 1102 ldibus
1207 1044 1280 1102 Jun

289 1192 293 1202 .
320 1123 433 1185 Uticae
453 1121 661 1195 conscendit,
684 1135 736 1194 et,
761 1123 793 1183 in
809 1121 989 1184 Sardiniam
1007 1119 1183 1200 trajectus,
1210 1123 1294 1184 Sul=

249 1213 250 1220 ’
320 1203 423 1279 tanis,
454 1205 510 1288 qui
525 1202 693 1265 Nasidium
711 1203 902 1288 class'emqoe
922 1203 991 1284 ejus
1009 1217 1225 1286 receperant,
1264 1225 1293 1262 ιι

321 1301 415 1370 perat
435 1285 621 1369 pecuniam:
651 1305 726 1346 mox
751 1286 882 1360 solvens
905 1308 922 1352 a
941 1284 1106 1347 Caralibus
1128 1299 1208 1348 ente
1231 1283 1290 1345 cli

264 1397 277 1410 r
320 1369 454 1430 tertium
472 1365 631 1430 Ralendas
649 1363 831 1448 Quintiles,
854 1369 928 1452 quio
950 1379 1087 1452 propter
1108 1365 1292 1450 tempestat

293 1473 296 1480 ·
321 1449 458 1512 subinde
477 1447 673 1510 haerendum
694 1447 727 1508 in
744 1451 904 1532 portubus
922 1449 1045 1520 fuerat,
1069 1447 1281 1532 duodetrige

320 1549 375 1594 ano
393 1531 447 1592 die
464 1534 598 1592 Romam
616 1530 716 1598 venit.
759 1530 807 1592 lbi
834 1529 1021 1614 cognoscit,
1054 1530 1219 1592 inGallia
1242 1553 1291 1615 qo

345 1633 386 1678 ue
407 1633 469 1697 per
486 1611 663 1674 absentiam
683 1631 771 1674 auam
791 1614 863 1674 aD.
879 1611 976 1676 Junio
991 1613 1094 1672 Bruto
1113 1612 1235 1708 legato
1284 1641 1293 1666 ··

319 1633 455 1758 lortiter
474 1691 682 1776 feliciterque
702 1691 836 1788 gellam,
862 1695 1033 1836 victosque
1052 1695 1188 1775 proelio
1210 1695 1292 1756 Bell

322 1795 439 1849 vacas,
461 1776 518 1859 qui
535 1794 606 1838 cum
622 1773 741 1838 vicima
755 1775 879 1862 aliquot
893 1796 981 1862 popu
995 1777 1024 1839 ia
1039 1775 1293 1840 rebellaveran

323 1900 645 1918 *w

315 1995 318 2002 ·
357 1967 397 2024 ca
422 1965 547 2021 ‚txvt
574 1957 687 2046 Supra,
704 1963 753 2034 96,
771 1983 812 2036 ¹9·
836 1964 907 2025 San.
922 1965 1039 2034 dedra,
1057 1983 1084 2021 c.
1098 1965 1144 2024 ιδ.
1172 1963 1275 2022 Διιοι.

319 2035 359 2096 Β,
429 2035 466 2092 ic.
491 2034 555 2090 Liv.
570 2034 650 2106 Eprt.
