2658 4686
230 315 274 380 m
293 315 445 380 cocou
462 317 544 378 cm.
572 315 730 386 cxxxv.
754 317 868 388 arna
982 338 1040 400 721

584 439 1037 474 Ἠ

109 527 182 586 xx.
206 527 379 588 Proximus
400 524 519 586 deinde
536 545 658 598 annus,
681 525 840 612 quidquid
860 527 966 590 abella
981 547 1040 612 po·
1074 534 1220 605 omme.

38 604 168 669 testatis
193 607 332 690 Augullo
348 607 455 668 videri
478 619 623 688 poterat,
658 605 751 670 obvia
772 624 900 672 senatus
925 611 1038 671 volun·
1069 605 1151 664 Ml·
1166 615 1207 678 aq.

37 703 110 750 tate
135 686 275 750 delatum
299 689 445 750 contulit.
468 687 815 762 llalendisJanuatiis,
862 691 1037 760 uibusma·
1112 727 1145 754 ·.

38 769 207 856 gistratum
233 771 391 832 decimum
418 769 550 840 consul,
582 769 705 852 collega
724 772 760 832 C.
783 775 850 836 Nor
875 775 1037 834 anoFlac-
1069 773 1214 846 lumbu-

39 871 99 924 co,
127 851 246 912 absens
263 853 354 924 iniit,
379 865 508 912 senatus
527 851 698 913 universus
729 853 761 912 in
779 869 846 914 acta
866 855 935 932 ejus
952 855 1034 932 jura·
1051 847 1129 912 §⁰¹¹⁰
1141 847 1175 898 Χ·
1190 847 1224 902 C·

39 933 110 994 vit:
145 947 195 1005 et,
226 955 322 1016 quum
342 931 618 994 adventumauum
643 935 857 996 nunciandum
881 914 1193 1035 eur-affet,ff⁰ffb³”⁰

39 1016 132 1090 (narn
157 1017 199 1076 ob
217 1015 434 1076 valetudinem
450 1013 608 1075 infirmam
630 1015 751 1078 diutius
764 1017 926 1096 ablueret)
942 1032 974 1079 et
991 1019 1038 1080 oli
1074 1000 1124 1036 ⁰⁶
1192 1079 1199 1092 ,

36 1116 110 1156 eam
126 1099 261 1159 caulium
278 1096 456 1158 divisurum
475 1097 596 1179 populo
612 1097 852 1182 quadringenos
873 1120 1032 1172 nummos,
1050 1073 1217 1196 af:”‘:⁸⁸¹⁸

36 1179 65 1237 si
79 1180 209 1239 senatui
222 1177 407 1256 videretur3
431 1177 558 1260 legibus
570 1178 671 1240 semel
680 1181 828 1240 omnibus
840 1198 912 1242 eum
924 1181 1020 1243 solvit
1029 1205 1036 1244 a
1046 1211 1082 1276 fl,
1089 1161 1217 1280 fmufiu'

35 1281 79 1321 ne
101 1261 280 1346 quidquam
303 1259 433 1334 lacere,
457 1259 544 1344 quod
563 1257 682 1332 nollet,
712 1275 765 1322 aut
777 1293 794 1334 ,·
808 1262 896 1344 quod
912 1263 1036 1338 vellet,

35 1344 304 1424 praetermittere
325 1356 509 1428 cogeretur.
553 1341 643 1406 llaec
667 1341 794 1404 absenti
823 1341 905 1404 alata.
947 1343 1038 1406 Pell-
1133 1344 1135 1362 '

59 1445 135 1484 uam
158 1423 309 1496 advenit,
333 1436 365 1485 et
386 1423 447 1484 alia
472 1436 608 1506 propter
628 1423 763 1485 salutem
781 1423 850 1504 ejus
871 1439 967 1508 etque
983 1447 1038 1488 re·

33 1444 142 1566 ditum
165 1506 358 1577 factasunt,
393 1519 425 1566 et
452 1503 586 1566 bonoria
613 1501 683 1584 ejus
713 1507 814 1568 caulla
840 1505 1036 1590 propinquis

33 1587 196 1668 quaedam
217 1587 381 1648 corcella:
404 1587 576 1658 Marcello,
601 1583 758 1648 dicendae
776 1589 944 1670 praetorio
962 1589 1040 1652 loco

32 1669 240 1740 sententiae,
264 1662 463 1752 petendique
483 1666 669 1728 consulatus
688 1667 801 1731 decem
825 1667 917 1730 aunis
934 1683 1038 1732 matu·

31 1751 124 1820 rius,
156 1771 249 1834 quarn
267 1769 329 1833 pet·
348 1751 439 1832 leges
457 1749 590 1822 licerct;
622 1749 776 1823 Tiberio,
802 1765 837 1812 ut
853 1751 1037 1836 quinquen-

30 1831 92 1890 nio
110 1833 223 1914 prius,
246 1852 338 1916 quam
357 1833 448 1914 leges
467 1831 616 1890 annariae
635 1831 800 1904 sinerent,
829 1831 863 1892 iu
883 1832 1035 1918 petendis

30 1911 218 1974 bonoribus
237 1913 319 1973 ratio
337 1913 407 1993 ejus
425 1911 613 1973 baberetur.
636 1979 640 2002 ἢ
656 1913 759 1976 Simul
776 1913 872 1976 etiarn
893 1913 947 1974 bic
962 1915 1036 1998 qui-

30 1993 106 2054 dem
130 1993 306 2080 quaestor·y
320 1994 514 2066 Marcellus,
537 1991 598 2074 jam
639 1995 775 2070 ontilex,
800 1994 916 2057 aedilis
934 2013 1032 2058 curu·

28 2075 71 2136 lis
91 2076 285 2160 designatus
304 2073 357 2138 est.
399 2077 500 2136 Forte
521 2093 602 2157 quae
630 2095 704 2136 ores
721 2077 760 2138 ad
782 2097 949 2142 numerum
964 2097 1031 2140 nou

27 2171 144 2228 erant,
176 2159 284 2242 quiin
307 2155 493 2240 provincias
514 2157 732 2218 mitterentur.
756 2158 882 2220 ideirco
931 2159 1032 2222 lacuit

26 2241 180 2312 senatui,
204 2255 258 2312 ut,
283 2251 444 2324 quotquot
463 2237 612 2336 proximo
632 2180 1029 2324 decennio'magillratum

23 2321 306 2404 congemiscat,
339 2339 445 2410 neque
467 2341 500 2384 tn
519 2320 708 2406 provincias
738 2322 892 2398 exiliant,
929 2323 1029 2386 sorti-

25 2415 159 2464 rentur.

84 2533 178 2594 xxt.
199 2533 283 2594 Dum
302 2533 382 2596 baec
406 2530 441 2594 in
458 2505 541 2595 urbe
560 2530 663 2606 liunt,
697 2531 830 2596 Allurea
857 2547 891 2596 et
910 2535 1024 2598 Cauta·
1054 2519 1202 2613 Aeneam
1321 2515 1322 2526 ,

19 2613 95 2687 bri,
137 2614 234 2676 simul
258 2629 355 2700 atque
382 2613 548 2678 decelliffe
563 2615 721 2702 Hispania
738 2617 907 2678 Caesarem
931 2617 1022 2678 audi·
1035 2617 1210 2736 ξωαὺνένς-

20 2709 163 2768 rerunt,
194 2715 298 2760 novae
312 2697 480 2760 servitutis
495 2697 734 2780 impatientes,
766 2717 851 2758 arma
873 2717 1020 2782 resump-
1051 2687 1208 2742 “mm‘'-

20 2791 152 2838 serunt.
184 2781 361 2852 Ceterum,
383 2779 574 2863 priusquam
594 2780 729 2841 causilia
747 2777 925 2850 nudarent,
950 2795 1020 2843 arto

17 2877 145 2942 capere
165 2859 327 2923 Romanos
343 2859 463 2930 conati,
482 2860 583 2922 millis
605 2861 734 2924 nunciis
750 2859 790 2921 ad
809 2861 846 2920 t..
858 2859 1017 2936 Lamiam,

17 2940 46 3000 is
74 2955 149 3004 tum
170 2941 443 3028 Hispaniensibus
464 2941 648 3026 legionibus
675 2955 842 3029 praeerat,
873 2940 1018 3004 frumen·

17 3035 86 3082 tum
120 3037 153 3085 et
175 3023 235 3084 alia
259 3025 413 3108 quaedam
437 3022 523 3084 dono
550 3023 686 3086 sedare
713 3023 872 3086 exercitui
891 3021 1018 3107 signifi·

16 3118 148 3165 cerunt.
184 3105 313 3167 Deinde
333 3105 464 3176 milites,
486 3103 671 3189 adcipiendi
690 3106 793 3190 gratia
808 3105 928 3177 miffoa,
974 3129 1017 3170 uo

16 3205 186 3268 quemque
202 3171 580 3284 soluerent'perductoa,
603 3188 851 3249 interemerunt.
874 3186 942 3248 Sed
950 3128 1016 3250 du-

15 3265 65 3344 jus
83 3267 245 3330 facinoris
259 3267 343 3330 baud
366 3269 551 3331 diuturnum
577 3269 626 3330 eis
641 3269 792 3352 gaudium
812 3268 885 3330 suit.
908 3269 1014 3413 Quip-

14 3369 75 3430 pe,
102 3347 277 3411 vallatione
298 3373 313 3411 a
339 3369 460 3420 rorum,
482 3363 515 3412 et
536 3369 578 3433 op
604 3349 731 3412 idorum
747 3350 929 3423 incendiis,
951 3353 1012 3412 ai-

13 3431 113 3514 isque
131 3431 212 3492 belli
234 3373 379 3494 cladidus
405 3431 560 3493 celeriter
581 3371 715 3508 domiti,
744 3453 867 3516 poenes
899 3433 1009 3498 turba·

13 3527 65 3573 tae
86 3533 151 3596 per
172 3513 308 3575 insidias
326 3515 416 3597 pacis
431 3511 602 3576 dederunt.

73 3643 178 3704 xxn.
209 3611 301 3705 Alius
327 3663 427 3728 eques
451 3637 781 3718 Romanus-,Gallus
805 3647 940 3720 Aelius,
972 3645 1007 3706 in
1033 3661 1194 3720 mmm

10 3724 167 3784 Arabiam
189 3727 332 3788 Felicem
349 3727 440 3808 signa
457 3728 600 3786 llornana
624 3727 748 3809 primus
770 3728 891 3792 intulit.
913 3733 1187 3812 quamsspedlaioa's

8 3805 257 3888 expeditionem
277 3827 316 3870 ex
335 3807 495 3870 Strabone
519 3807 726 3892 potillimum,
749 3824 882 3874 auctore
905 3831 1006 3894 quau·
1020 3803 1168 3858 mm·-

9 3929 346 3950 w

25 3995 121 4081 ν(λη).
140 3995 203 4047 llll.
225 3993 350 4074 Suetor.
366 3994 440 4069 Aug.
455 3997 500 4064 ⁴¹·
525 3995 594 4052 Dio.
619 3997 746 4054 Sueten.
763 3998 829 4080 Tib.
846 4017 912 4068 eq.
935 3999 1005 4054 Dio.

5 4063 89 4188 ill
107 4069 198 4202 'deli'
208 4064 843 4209 illi.bibilla?iabiallfftlf‘l':
853 4071 1002 4192 labli:

5 4201 294 4361 ‘'liliatam.
310 4286 497 4348 nexta
753 4275 784 4346 Z
804 4301 823 4348 a

1032 2753 1212 2814 radamantus.
1320 2743 1321 2776 ³
