2596 4686
174 547 215 606 ll·
231 537 330 621 03703·
348 551 526 614 uictumae
546 550 723 638 studiisque
745 551 910 612 bominum
955 547 1139 632 ollponere,
1172 548 1232 610 ubi
1253 572 1275 631 p

178 619 325 688 ⁸⁰4⁷·
348 635 490 694 sentium
515 649 699 716 temporum
724 629 881 712 angustias
907 571 986 692 ellct
1010 630 1188 697 eluctatus,
1224 629 1269 690 ob

347 715 476 775 cuniam
502 716 653 798 profect'o
674 717 823 776 amittere
843 709 898 772 ista
920 710 1079 772 noluillet.
1122 709 1279 771 Habebat

340 809 411 858 tem
431 796 501 876 ejus
520 795 675 858 rcihnnc
694 797 880 864 obtentum,
910 806 946 853 ut
966 791 1005 852 ad
1022 791 1105 854 hanc
1122 791 1284 852 necessita

341 878 396 940 rei
422 878 547 939 ublicac
568 877 769 963 temporibus
787 873 932 936 adactum
949 870 1087 946 diceret,
1110 873 1204 952 cnjus
1227 873 1292 932 util

344 960 371 1020 ri
399 901 568 1020 lacultates
596 979 669 1020 suas
697 976 810 1020 omnes
835 954 1051 1037 impendillet.
1094 961 1144 1017 Ne
1169 967 1287 1015 umen

306 1061 320 1076 *
343 1040 609 1124 desperationem
626 1041 775 1124 adigeret
793 1035 1007 1106 creditores,
1024 1055 1123 1098 novas
1142 1035 1276 1096 tabulas

348 1134 440 1184 tante
458 1121 555 1220 plebe
575 1120 756 1184 constanter
776 1119 905 1190 abnuit,
938 1135 973 1179 se
1001 1135 1130 1200 quoquc
1157 1116 1298 1178 obaera

350 1203 416 1264 elle
433 1203 596 1266 dictitans.
624 1204 774 1288 quIitque
790 1211 975 1264 contentum
992 1197 1055 1262 eIIe
1067 1199 1131 1273 his,
1154 1217 1246 1282 quae
1260 1221 1298 1283 p·

339 1285 386 1346 «in
404 1304 442 1347 ea
461 1285 563 1346 cauIIa
583 1283 743 1347 lietuillet.
1182 1310 1192 1320 ·

140 1468 142 1473 -
185 1427 326 1487 uanus..
413 1417 510 1476 XLII.
540 1413 618 1476 Inde
640 1415 840 1500 proscripsit
857 1409 1171 1494 bonajudicetorum
1187 1409 1296 1472 hosti

22 1524 26 1532 ·
118 1536 130 1548 -
161 1493 435 1560 riorumlouabella
477 1516 515 1558 ro
534 1497 719 1562 aededovis
736 1497 862 1581 positar
892 1509 942 1567 et,
965 1515 1063 1578 quum
1080 1515 1117 1556 ea
1136 1493 1298 1577 cupide

158 1569 317 1644 ‘mmm
351 1593 406 1662 pta
425 1520 526 1641 aient
545 1601 561 1639 a
581 1577 789 1662 quibusdam,
822 1577 877 1662 qui
896 1564 1066 1659 numquam
1086 1575 1160 1636 sore
1178 1578 1288 1658 putab

349 1674 384 1722 ut
402 1683 420 1732 a
440 1681 476 1722 se
496 1661 705 1744 exigeretur,
734 1659 876 1742 ideoque
902 1657 1007 1718 minus
1035 1657 1165 1719 suerent
1190 1659 1295 1719 sellie

348 1743 460 1824 quanti
478 1741 694 1816 liciterentur,
717 1741 797 1802 nibil
818 1741 965 1824 cuiquam
982 1739 1118 1800 remisit.
1152 1741 1254 1800 Inter
1272 1762 1293 1822 q

181 1895 186 1906 .
347 1837 380 1884 et
402 1828 447 1886 Μ.
469 1823 653 1896 Antonius,
687 1825 744 1884 Cn.
767 1820 918 1904 Pompeii
945 1821 1053 1902 Magni
1081 1833 1213 1892 sector,
1255 1843 1278 1904 q

283 1973 286 1982 Ι
346 1905 427 1966 tenti
445 1905 509 1965 viri
527 1924 565 1964 co
591 1904 678 1965 iosas
693 1905 861 1968 facultates
879 1903 972 1964 brevi
987 1901 1211 1986 dilapidaffct,
1241 1925 1298 1986 ap

346 1983 429 2048 latus
450 1983 504 2047 est.
581 2005 638 2046 unc
661 1983 818 2046 offensam
836 1985 969 2058 caullari
988 1983 1103 2044 deince
1129 2007 1143 2044 s
1164 1983 1293 2045 solitus

346 2069 528 2140 Antonius,
561 2087 658 2150 quum
678 2069 847 2129 Caesarem
869 2065 908 2126 ad
926 2066 1045 2128 bellum
1065 2005 1267 2128 Asiicanum

347 2163 562 2236 sequeretur:
585 2150 659 2230 quia
680 2150 742 2211 albi
760 2169 823 2234 pro
841 2147 967 2210 meritis
986 2147 1156 2232 prioribus
1175 2167 1253 2208 non
1272 2149 1291 2209 t

348 2246 399 2293 set
418 2231 520 2316 gratia
542 2229 680 2293 reddita.

193 2409 337 2466 mm„
409 2379 520 2440 XLIII.
552 2379 704 2440 Ceterum
725 2379 856 2443 Caesari
881 2397 946 2440 non
971 2379 1146 2442 defuerunt
1169 2392 1290 2452 artes,

157 2492 335 2551 mmm.
370 2461 496 2528 lebetn,
519 2475 552 2524 ct
571 2463 679 2522 socios
699 2463 856 2522 victoriae
876 2461 948 2522 aliis
966 2461 1147 2524 rationibus
1166 2463 1297 2522 concili

157 2481 393 2606 circumcidendi.
429 2542 585 2615 Flebam,
613 2555 745 2624 praeter
765 2543 914 2603 ludorum
937 2543 1137 2626 voluptates,
1164 2545 1297 2604 remilli

347 2640 496 2708 tempore
518 2625 626 2706 coepti
646 2625 726 2684 belli
744 2625 871 2695 usuris,
895 2638 928 2686 ct
948 2624 1181 2686 habitationum
1202 2645 1297 2686 comt

347 2707 401 2768 do.
426 2707 483 2789 qui
501 2706 587 2766 enim
607 2705 732 2766 duobus
753 2705 897 2766 millibus
916 2709 1075 2768 nummum
1094 2705 1285 2768 conductas

345 2787 522 2850 bitationes
542 2786 711 2856 baberent,
733 2786 774 2846 iis
793 2788 913 2848 Romae
935 2789 1030 2850 uniu's
1050 2787 1125 2848 anni
1143 2789 1297 2868 mercedt

347 2869 382 2931 in
398 2869 487 2930 Italia
508 2868 716 2950 quadrantem
739 2868 808 2947 ejus
833 2869 1045 2942 condonavit,
1078 2885 1145 2953 quo
1173 2872 1297 2930 tenuia

346 2950 605 3014 sublevarentur.
642 2963 830 3030 praeterea,
853 2949 1026 3032 publicatis
1047 2951 1228 3013 multorum
1252 2953 1297 3016 fet

344 3033 481 3103 tatibus,
506 3028 711 3092 emendarum
729 3049 837 3090 rerum
858 3031 984 3114 copiam
1002 3046 1099 3116 atque
1114 3033 1297 3096 vilitatem]

312 3113 317 3126 ’
343 3112 479 3176 fecerat.
523 3110 670 3172 Ducibus
694 3112 871 3196 amicisque
897 3113 964 3174 suis
983 3111 1128 3176 honores
1150 3113 1285 3176 distrib

344 3195 442 3263 multa
463 3205 595 3276 praeter
612 3208 758 3254 veterem
775 3213 916 3270 morem,
941 3215 1006 3280 quo
1024 3195 1176 3280 pluribus
1193 3199 1278 3259 rese

344 3273 405 3338 dae
427 3275 551 3358 gratius
568 3273 660 3334 locus
680 3273 776 3346 effer,
804 3275 1010 3339 instituendo.
1058 3281 1136 3340 Nam
1158 3291 1192 3338 et
1216 3297 1297 3362 praa

346 3357 408 3420 riis
425 3355 568 3417 comitiis
588 3353 701 3417 decem
720 3357 843 3418 creavit
860 3359 1002 3440 primus:
1025 3372 1058 3420 et
1077 3357 1283 3436 pontificum

371 3455 527 3522 urumque
548 3452 581 3498 et
600 3437 932 3520 quindecimvirorum
953 3441 1102 3523 collegiis
1122 3441 1287 3522 singulos

345 3459 447 3580 ituit:
472 3533 504 3580 et
521 3517 649 3602 equites
665 3523 827 3580 Romanos
845 3521 977 3604 aliquot,
1001 3525 1140 3604 quorum
1156 3542 1273 3605 opera
1289 3545 1296 3586 t

225 3657 233 3670 ,
344 3623 441 3672 usus,
465 3602 608 3684 itemque
625 3600 775 3660 ordinum
792 3599 962 3674 ductores,
987 3602 1020 3663 in
1040 3618 1187 3666 senatum
1210 3605 1293 3668 adle

344 3685 389 3744 Μ.
407 3685 542 3768 Brutum
560 3682 645 3744 Cisal
671 3682 742 3744 inae
785 3685 950 3746 revincire
967 3684 1146 3769 praefecit:
1170 3687 1296 3752 Decim

344 3765 396 3838 ei,
419 3784 501 3848 quae
515 3779 604 3830 trans
619 3705 720 3850 Alpes
737 3706 799 3847 eb,
822 3765 957 3830 Galliae.

377 4017 451 4102 Qap.
469 4021 542 4075 XLI.
571 4019 694 4101 sueton.
721 4021 805 4076 Caes.
830 4041 856 4078 c.
875 4021 919 4090 is.
946 4023 1015 4079 Dio.
1062 4024 1134 4098 Cap.
1160 4027 1261 4082 XLII.

341 4087 418 4145 Pbtl.
437 4109 461 4156 π,
480 4093 523 4144 26.
543 4089 611 4143 Dio.
631 4091 694 4142 Crc.
713 4089 793 4146 Plut.
831 4093 870 4147 Ca
897 4129 904 4144 .
922 4093 1022 4148 XLIII.
1041 4094 1110 4148 Dio.
1130 4094 1196 4150 Cic.
1217 4097 1296 4152 adFt

345 4175 387 4224 rr,
406 4159 447 4211 18.
468 4158 535 4211 Ilio.
557 4157 680 4212 Sueton.
701 4156 785 4215 Caes.
797 4159 842 4217 38.
888 4177 994 4220 rouov.
1012 4161 1049 4216 de
1064 4163 1175 4220 Pecuu.
1194 4167 1296 4228 veut

342 4226 412 4284 Dio.
431 4225 511 4284 Plut.·
529 4225 634 4282 Bruto.
652 4225 781 4300 Appiam
802 4227 889 4286 civil.
903 4230 925 4287 1.
937 4247 965 4287 a·
980 4235 1086 4306 1²·le7·
