2654 4682
220 528 317 669 att·

121 525 124 530 ·
169 525 204 582 o.

156 599 209 680 js.

337 317 379 382 aa
427 293 1289 408 nnuman.-snrrnnnanronuntmnxxv.

341 447 1309 482 ...-—------—----—-----———i

340 524 584 602 excelsill‘nnns‚
605 520 758 605 occupari
771 521 868 602 inllit,
892 521 989 585 ¹castra
1003 523 1049 586 ibi
1064 525 1244 608 positurus.
1267 517 1309 608 Sti

338 609 473 670 caetrati
497 607 537 667 ab
563 604 707 687 equitatu
728 605 876 668 Caesaris
898 606 938 666 ad
958 623 1056 666 unum
1075 614 1188 668 omnes
1207 605 1307 668 interii

339 691 479 752 ciuntur.
521 688 594 748 Hoc
615 685 701 746 facto
722 687 885 768 pugnandi
906 687 1084 770 cupiditate
1102 689 1257 764 ¹Caesaris
1276 707 1307 748 co

338 771 413 856 piae
425 769 654 839 accenduntur,
670 769 895 851 proeliumque
903 767 1079 853 ,pollulantr
1103 772 1130 832 ai
1144 771 1229 832 baec
1240 791 1307 852 praa

339 854 537 914 terminatur
556 849 703 921 occasio,
734 851 918 933 reportes,
950 873 1048 934 quum
1070 853 1191 914 Cacsar
1212 853 1304 912 vellet

339 955 404 996 non
424 935 488 996 elle
507 937 709 1016 pugnaturos
725 933 898 994 minantur.
941 935 1060 994 Caesar
1074 949 1203 1006 tannen,
1228 953 1303 1016 nequ

340 1037 418 1078 euos
443 1014 588 1094 obiicere
613 1013 803 1075 vulneribus
830 1029 863 1076 et
888 1015 1037 1099 periculo
1059 1018 1208 1088 tolonen
1227 1031 1309 1096 nequi

339 1099 431 1160 cives
447 1095 611 1168 occidere,
633 1095 752 1176 quibus
767 1097 972 1158 clementiam
991 1119 1079 1158 suam
1097 1100 1249 1159 omnibus
1266 1118 1291 1154 m

339 1179 391 1240 dis
417 1178 600 1263 approbare
626 1175 790 1248 studebat,
822 1178 977 1240 abstinuit
1005 1181 1152 1261 proeIIo,
1188 1181 1294 1242 lutura

227 1321 234 1339 .
339 1281 493 1345 sperans,
515 1273 550 1320 ut
572 1261 642 1321 sine
660 1279 767 1342 pugna
784 1260 904 1325 bellum
922 1259 1235 1346 conficeret,‘quod
1253 1275 1283 1321 et
1308 1319 1309 1322 ,

296 1457 305 1465 -
367 1448 401 1486 ra
419 1423 676 1510 quamproxime
694 1419 955 1506 hostem‘posuit:
978 1439 1021 1500 et,
1044 1424 1215 1511 postridie,
1238 1446 1296 1569 qun

335 1364 404 1488 qna
424 1358 456 1408 et
473 1363 511 1404 re
529 1341 741 1412 frumentaria
760 1340 865 1403 hostes
881 1342 1122 1410 intercluserat.
1156 1343 1263 1426 Igitur
1280 1337 1309 1410 ca

338 1507 529 1592 Pompeiani
546 1505 738 1588 frequentes
758 1519 905 1589 aquatum
925 1506 1112 1580 exirillent,
1142 1508 1235 1570 immi
1259 1411 1309 1578 'oi

340 1591 481 1674 quitatu,
496 1579 586 1670 'nihil
606 1588 654 1648 eit
671 1599 775 1647 tntum
790 1602 843 1648 ant
857 1589 1063 1671 tranquillum
1080 1592 1143 1654 elle
1156 1592 1264 1673 pallus
1277 1585 1307 1648 el

338 1673 387 1733 Ea
412 1675 448 1732 re
476 1669 624 1753 cognita,
657 1667 812 1730 Afranius
837 1683 932 1752 atquc
959 1672 1109 1752 Petreius
1139 1674 1172 1732 id
1204 1671 1301 1732 consil

265 1792 268 1798 ·
339 1754 488 1837 copiunt,
514 1765 567 1824 ut,
591 1751 712 1812 avallo
731 1749 771 1811 ad
791 1771 904 1834 aquam
924 1751 1069 1816 brachiis
1088 1754 1216 1828 ductis,
1239 1773 1294 1836 aqu

230 1849 232 1856 '
336 1837 459 1898 tionem
483 1832 667 1918 expediant.
749 1850 752 1856 ’
1025 1855 1027 1860 ·

186 1965 292 2019 Mittas

397 1943 530 2004 xxvn.
560 1939 665 2020 Huius
689 1939 801 2023 operis
825 1940 927 2002 caulla
953 1959 1051 2022 quum
1072 1903 1309 2026 longiuspanlll

339 2023 568 2094 discellillent‚
596 2022 732 2082 liberam
746 2019 957 2104 colloquendi
971 2023 1155 2086 facultatem
1173 2025 1259 2087 nacti
1274 2015 1309 2106 ml

305 2135 315 2150 ·
338 2107 413 2170 lites
441 2107 481 2168 de
508 2125 588 2190 pace
613 2123 711 2186 agere
737 2103 915 2186 incipiuntt
946 2104 1179 2191 paullatimque
1200 2129 1240 2169 eo
1257 2107 1309 2190 pro

227 2205 235 2227 ⁶
286 2219 291 2242 ι
337 2189 542 2270 gredientur,
567 2185 890 2260 nt,'Incolumitatem
909 2183 1047 2250 (lucibus
1070 2191 1167 2274 pacti,
1189 2211 1250 2274 per
1265 2187 1309 2270 pri

336 2289 445 2332 mores
464 2271 690 2332 centurionum
707 2267 838 2330 Caesari
858 2267 1105 2350 pollicerentur,
1128 2293 1164 2334 se
1186 2273 1275 2356 signa
1291 2291 1309 2330 at

334 2371 411 2430 ⁴eum
436 2351 650 2412 translaturos
678 2351 752 2413 ess'e.
794 2349 901 2431 Quum
918 2347 982 2428 iarn
1003 2351 1146 2416 omnium
1167 2339 1309 2426 voluntati

336 2454 398 2518 pro
421 2433 569 2495 conlecta
587 2453 648 2514 pax
664 2429 858 2502 haberetur,
886 2444 1044 2514 tamquam
1067 2455 1128 2496 nna
1146 2457 1188 2498 ex
1208 2427 1309 2504 duobui

277 2567 283 2591 ,
336 2508 435 2576 castri
456 2513 538 2574 facta
557 2515 677 2585 ellent,
706 2512 861 2596 permixti
880 2512 1020 2587 milites,
1044 2531 1079 2578 ut
1098 2521 1240 2603 quisque
1255 2521 1309 2582 suoi

185 3063 306 3134 Petreius

74 3155 85 3176 ν
156 3137 325 3190 conturbat.

337 2598 371 2660 in
389 2595 528 2658 tentoria
546 2595 754 2666 abduxerant,
777 2601 831 2654 ant
847 2597 975 2676 sequuti
988 2595 1133 2674 Inerant,
1156 2601 1254 2662 multa
1267 2599 1309 2660 laet

337 2680 409 2741 titia
432 2693 466 2741 et
490 2677 705 2762 gratulatione
730 2689 858 2740 noctem
882 2677 1099 2742 celebrabant.
1143 2683 1207 2742 llis
1234 2680 1305 2742 reba

337 2761 475 2833 auditis,
506 2759 661 2820 Afranius
681 2760 714 2820 in
737 2757 834 2822 castra
852 2761 1012 2834 recurrit,
1042 2764 1086 2824 ita
1108 2777 1309 2848 comparatus

337 2831 387 2988 qt,
413 2839 573 2928 quidquid
593 2841 776 2917 aocidillet,
799 2841 923 2904 laturus
943 2863 1009 2904 non
1026 2843 1140 2931 iniquo
1161 2844 1267 2908 animo
1282 2841 1309 2906 ti

364 2942 486 2990 eretur.

321 3047 324 3060 ·
400 3032 547 3108 xxvttt,
571 3032 614 3094 At
631 3033 782 3114 Petreius
803 3032 956 3093 familiam
975 3048 1094 3108 armat,
1118 3051 1150 3099 et
1170 3056 1243 3099 cunt
1259 3034 1309 3094 bar?

340 3127 374 3176 et
396 3115 562 3197 praetoria
587 3115 743 3188 cohorte,
780 3131 813 3178 et
837 3117 949 3199 paucis
975 3115 1122 3182 barbaris
1146 3117 1309 3202 equitibus

339 3195 559 3260 beneficiariis
586 3201 671 3272 suis,
705 3199 812 3260 subito
834 3197 977 3268 advolat,
1010 3214 1062 3272 ct,
1093 3214 1253 3286 quotquot
1273 3197 1309 3258 da

338 3277 545 3422 prehendere
564 3281 713 3344 Caesaris
736 3282 874 3344 militum
891 3279 1012 3363 potest,
1033 3281 1221 3361 obtruncat3
1244 3285 1309 3360 tanti

356 3381 473 3436 nrore,
496 3371 531 3424 nt
548 3363 644 3424 etiam
663 3365 829 3426 tribunum
845 3383 863 3424 e
879 3364 965 3434 suis,
989 3364 1045 3446 qui
1063 3367 1209 3428 retinere
1228 3366 1309 3444 impet

338 3455 405 3504 tum
425 3445 495 3524 eius
514 3447 671 3518 voluerat,
694 3445 899 3509 confoderet.
941 3446 1071 3508 Deinde
1086 3445 1168 3510 llens
1182 3439 1309 3509 circumi

339 3528 539 3610 manipnlos,
564 3550 605 3590 ne
626 3549 679 3603 ae,
701 3551 765 3590 nen
778 3524 969 3611 Pompeium
992 3529 1158 3592 absentem
1178 3531 1309 3617 detersti

339 3609 565 3694 protl'antque,
592 3611 752 3674 obsecrat.
794 3611 908 3686 Miles,
939 3610 1046 3672 subito
1065 3613 1240 3674 immutatis
1262 3626 1309 3672 ent

339 3691 421 3762 anis,
452 3693 486 3752 in
505 3695 706 3777 praetorium
723 3694 900 3757 concurrit.
942 3693 992 3755 lbi
1011 3693 1230 3776 iusiurandum
1251 3707 1309 3750 con

266 3803 269 3808 ·
340 3773 421 3858 cipit
434 3777 603 3856 Petreius,
621 3777 653 3859 se
670 3781 819 3840 exercitum
839 3779 970 3857 ducesque
989 3799 1043 3837 nan
1060 3779 1255 3859 proditurum,
1279 3791 1309 3829 aa

339 3877 393 3937 que
411 3857 603 3938 deserturum,
633 3880 716 3940 neque
736 3856 785 3936 (iti
802 3858 946 3938 separatim
964 3880 980 3917 a
999 3859 1110 3938 reliquis
1131 3859 1265 3936 carridium
1281 3869 1309 3930 aa

339 3957 464 4020 ρετινυιτ.
505 3941 542 4002 Ιιι
559 3939 640 4002 baec
656 3941 755 4004 verba
777 3941 859 4002 'urat
878 3941 950 4024 ipse
967 3943 1079 4026 prior:
1109 3941 1211 4026 adigit
1233 3952 1264 4001 et
1282 3935 1309 3995 At

340 4018 482 4085 sranium
507 4023 541 4083 in
567 4023 698 4086 eadem:
730 3963 1178 4110 tribuni'centurionesque,
1209 4015 1309 4090 deindt

376 4213 451 4286 Gap.
465 4211 596 4272 XXVIII.
614 4211 743 4289 Appiam.
763 4215 847 4274 Caes.

391 4355 397 4383 l
