2596 4686
361 907 366 918 '
454 872 747 1007 tonarium
779 923 1188 1032 ,rnurusnnnu

232 1143 238 1156 «
284 1163 286 1170 .
322 1137 328 1149 «
365 1118 723 1181 smruumnronon
741 1061 981 1216 siminorum
999 1083 1111 1172 urina
1124 1111 1288 1174 -uxxrm

483 1287 528 1350 lu
547 1284 701 1352 LOCUM
721 1285 838 1348 LIBRI
860 1283 972 1346 exul.
995 1281 1034 1347 Τ.
1049 1279 1164 1346 Ltvu.

159 1515 195 1573 U·
217 1514 316 1585 ⁰4⁰5·
388 1518 414 1578 1.
436 1515 572 1590 Caesar,
594 1517 764 1602 Aegyptiis
781 1515 822 1580 ad
838 1511 1039 1576 deditionem
1056 1509 1203 1582 coactis,
1226 1531 1285 1592 qun

160 1589 197 1640 Α·
209 1587 243 1650 0·
259 1592 304 1667 47·
328 1597 528 1680 provinciam
543 1598 653 1662 lacere
668 1600 782 1684 pollet,
806 1616 961 1660 novarum
981 1594 1107 1656 scilicet
1124 1611 1240 1654 rerum
1257 1613 1288 1650 nn

160 1660 381 1775 quaaqmnm,
404 1679 432 1740 si
450 1678 538 1742 sorte
556 1697 648 1744 nacta
663 1681 872 1746 violentioris
891 1676 1014 1760 ingenii
1033 1677 1224 1758 praesidem
1243 1673 1288 1734 lui

102 1822 107 1830 ,
142 1741 299 1865 ’ἕῇζῖἆέ
329 1773 395 1832 set,
425 1761 548 1823 noluit:
579 1781 695 1826 revera
724 1761 902 1848 praemium
929 1757 1099 1820 libidinum
1125 1757 1288 1839 Cleopatra

141 1866 293 1924 mim„
319 1839 437 1920 *dedit,
465 1841 575 1924 juncto
603 1843 637 1906 in
660 1843 898 1919 matrimonium
921 1861 1121 1923 regnumque
1146 1837 1288 1923 superlli

95 1915 100 1932 '
327 1921 534 1998 Ptolemaeo,
557 1925 614 2010 qui
631 1946 714 2010 puer
733 1926 903 1988 admodum
923 1921 1030 1984 mariti
1050 1923 1140 2006 regis
1165 1940 1213 1980 uo
1235 1917 1288 1980 sust

327 2021 422 2067 neret
438 2025 568 2081 nomen,
591 2027 693 2093 opero
709 2008 919 2104 potentiaque
932 2003 1064 2067 Caesari
1080 2017 1113 2066 et
1125 1943 1288 2084 (lieoprtn

328 2087 462 2150 relicta:
497 2088 579 2151 adeo
602 2109 667 2152 non
689 2089 899 2152 drssimulatns
921 2085 1064 2158 adulter,
1093 2097 1128 2148 ut
1150 2097 1194 2145 et
1220 2095 1288 2154 cont

329 2189 394 2232 nuo
413 2179 522 2236 secum
538 2169 673 2233 haberet
687 2171 844 2255 reginam,
867 2182 900 2231 et
916 2167 1064 2232 convivia
1084 2186 1184 2252 saepe
1207 2165 1241 2226 in
1256 2167 1288 2248 pl

330 2273 413 2312 mnan
432 2253 537 2314 lucem
559 2269 631 2314 cum
653 2273 689 2315 ea
709 2251 935 2338 protraheret:
969 2249 1129 2333 denique,
1159 2268 1226 2332 per
1250 2237 1288 2329 spl

331 2334 414 2394 ciem
448 2333 693 2417 cognoscendae
724 2335 943 2420 antiquitatis,
978 2329 1089 2394 cadom
1118 2329 1287 2412 thalamegt

331 2415 542 2498 sequentibus
560 2417 695 2478 navibus
713 2415 973 2500 quadringentis,
996 2414 1071 2476 Nilo
1090 2411 1232 2476 ssuminc
1250 2409 1287 2472 sul

329 2496 389 2570 iit,
413 2495 465 2558 vel
485 2495 524 2556 ad
541 2495 659 2560 Aethio
684 2499 746 2559 iam
763 2511 1002 2586 penetraturus,
1024 2495 1058 2556 ni
1078 2495 1174 2578 sequi
1198 2513 1287 2556 exerc

331 2591 384 2641 tus
409 2579 594 2641 recusasset.
636 2581 657 2640 'l
688 2580 848 2663 alamego's
876 2579 1029 2664 princeps
1056 2573 1184 2639 invenit
1215 2577 1287 2638 Ptol

329 2677 442 2721 macas
466 2660 677 2744 Philopator,
707 2682 744 2724 ea
765 2659 936 2732 structura,
1012 2679 1061 2719 am
1087 2673 1242 2722 accurata
1267 2657 1287 2718 d

333 2742 513 2826 scriptione
535 2741 718 2805 callixenus
741 2755 937 2840 exsequutus
957 2679 1011 2803 eq:
1054 2743 1168 2824 Neque
1197 2740 1287 2801 dubit

330 2837 403 2898 tur,
429 2838 483 2886 aut
500 2823 622 2886 diutius
639 2823 812 2887 haesurum
831 2845 863 2886 an
880 2825 1027 2908 Aegypto
1044 2823 1241 2902 Caesarem,
1272 2805 1287 2882 al

187 2914 196 2952 l
333 2925 442 2967 socam
462 2905 674 2970 deducturum
691 2907 780 2968 illam
799 2905 911 2982 inille,
940 2905 1005 2966 nisi
1021 2903 1285 2969 interveniss‘etc

321 2987 467 3078 ¹a'a'rcendi
485 2987 660 3050 Pharnacis
676 2989 856 3056 necellitas.

149 3071 320 3162 indurantes·
394 3097 433 3157 ll.
453 3095 589 3158 idcirco
612 3093 746 3161 abducta
767 3116 806 3158 cx
825 3115 929 3180 regno
943 3093 1103 3167 Arsinoe',
1126 3113 1168 3156 ne
1195 3093 1286 3154 molet

102 3237 105 3252 ,
144 3176 319 3247 aretusqn-
333 3177 441 3241 sorori
463 3178 559 3252 ellat,
582 3179 740 3263 'legiones
768 3178 846 3240 duas
871 3176 1006 3260 reliquit
1030 3175 1203 3261 praesidio
1231 3193 1286 3234 noa

94 3280 97 3298 ·
145 3263 202 3304 ⁶¹¹·
331 3260 482 3343 regibus,
507 3261 600 3323 simul
626 3281 666 3324 ne
685 3259 863 3333 cullodiae,
878 3269 927 3320 'ne
945 3280 1006 3342 qua
1026 3257 1206 3322 occasione
1225 3271 1286 3326 mut

330 3363 368 3404 re
389 3342 529 3404 animum
550 3283 685 3426 pollent.
719 3344 791 3426 ipae
810 3361 882 3404 oum
902 3355 990 3403 sexta
1010 3353 1163 3404 veterana
1180 3327 1286 3423 pedeti

330 3423 450 3485 itinere
470 3423 639 3486 contendit
656 3424 690 3484 in
710 3425 844 3506 Syriam.
886 3423 934 3484 lbi
956 3421 1162 3492 civitatibus,
1186 3417 1286 3505 quarti

330 3498 459 3566 auxiliis
482 3503 608 3584 adjutus
627 3505 753 3578 fuerat,
782 3525 894 3588 magna
917 3501 1075 3578 beneficia
1097 3502 1235 3564 tribuit:
1267 3503 1282 3562 J

330 3586 420 3648 daeis
435 3586 630 3682 praecipue,
652 3607 788 3670 quorum
806 3587 1022 3670 principatum
1040 3583 1182 3646 firmavit
1203 3585 1285 3664 llyrc

328 3689 389 3740 no,
422 3669 585 3732 civitatem
605 3670 779 3730 Romanam
805 3687 876 3730 cum
897 3668 1096 3729 immunitate
1118 3666 1216 3728 dedit
1230 3669 1285 3726 Ant

328 3757 635 3836 patro,'utrnnque
654 3751 794 3812 absolvit
814 3749 977 3812 incusatos
998 3751 1037 3812 ab
1055 3745 1236 3811 Aristobuli
1255 3745 1285 3805 iil

327 3832 515 3916 Antigono,
537 3845 847 3916 procuratoremque
866 3831 1007 3894 Judaeae
1029 3831 1210 3894 declaravit
1228 3832 1285 3892 Ant

365 4021 439 4092 cap.
455 4021 479 4078 l.
505 4019 629 4103 Sueton-
647 4017 731 4100 Caeq.
746 4033 776 4100 p.
791 4015 836 4074 35.
855 4017 923 4102 Dio,
938 4018 1013 4088 tta.
1032 4019 1110 4074 Plnt.
1124 4019 1219 4142 gaes.
1243 4017 1284 4072 liii

330 4090 368 4145 de
383 4091 418 4144 B.
434 4091 517 4146 Alex.
539 4091 666 4160 Appiana·
690 4086 776 4142 Cavrl.
794 4083 815 4138 l.
826 4105 852 4142 a.
869 4089 948 4168 'Dim
976 4089 1100 4144 Sueton.
1128 4105 1214 4170 'aas
1233 4107 1259 4143 c.
1274 4091 1284 4143 i

330 4155 777 4304 lttt¹¹;,?ltf⁰l·d‘lf”sdt
793 4173 821 4292 t,
838 4156 1019 4294 trare·
1035 4159 1074 4215 ¹¹·
1099 4157 1179 4215 ³¹¹⁸·
1200 4159 1284 4232 ³⁰⁵²*
