2628 4692
163 317 209 384 m
228 313 380 381 noceas
399 315 483 380 nm.
504 315 671 382 cxxviii.
693 306 822 384 mvn·
874 279 976 388 *eas

5 535 125 588 ·rtutia
156 511 286 588 Caesari
314 525 439 588 tertiam
461 525 614 589 decimant
636 528 797 610 legionem
823 530 970 608 adduxit3
1004 527 1037 586 ⁰·
1054 548 1080 584 ο·
1095 535 1178 600 ιιι.ι

8 628 91 676 uae,
125 605 221 669 clade
240 607 382 688 cognite.
406 627 466 690 per
482 621 607 690 asprete
626 609 789 671 contendit
809 611 848 672 ad
867 613 970 692 ignes,
1001 599 1079 656 ³¹⁰·
1091 601 1136 658 ⁵⁸·

0 701 296 772 operatoremque
320 708 433 764 ‚suanm
463 689 502 748 ab
527 689 672 750 omnibus
700 689 827 752 famulis
853 693 971 756 dereli-

7 787 96 842 tum,
128 771 166 830 ei
185 767 418 830 commilitones
440 767 536 830 leiios
553 784 647 852 atque
667 770 832 833 famelicos
849 793 976 836 recres·

7 865 76 912 unt.
125 854 210 910 Tum
235 868 313 909 vero
335 849 581 933 'circumquaque
602 851 736 912 nuncios
756 853 878 916 dimisit
897 857 976 918 Cae.
1020 873 1026 888 ·

9 954 43 992 ar
62 930 302 992 incolumitatis
321 949 414 990 suaet
435 943 468 992 et
483 933 632 1004 rioill'sm,
653 931 761 996 audito
776 932 907 1000 Calvisii
921 936 977 998 sd.

4 1023 111 1082 enta,
136 1010 333 1072 exhilaratus
348 1011 449 1094 quieti
464 1031 499 1073 se
513 1012 612 1074 dedit.

56 1117 179 1180 ivm.
201 1111 330 1177 Postera
348 1117 400 1176 iux
416 1115 597 1180 miserabile
616 1119 829 1202 spectaculum
849 1109 976 1203 operuit

15 1207 215 1259 remotarum
236 1211 287 1258 aot
306 1197 473 1278 fractarum
493 1201 637 1260 narium:
659 1199 886 1284 iiuitahantque
902 1225 975 1286 pas·

0 1281 52 1341 im
68 1293 280 1348 armamenta,
296 1279 428 1354 naribus
442 1280 546 1353 etiarn,
571 1300 650 1362 quae
665 1295 863 1362 supererant,
881 1284 974 1346 valde

4 1361 146 1422 malletis
173 1373 268 1442 atque
290 1359 515 1420 laborantibus.
558 1361 622 1422 Sed
647 1363 746 1422 otium
770 1361 808 1422 ab
833 1361 970 1426 hostibus

23 1441 132 1502 alvisii
162 1441 343 1524 praesentia
369 1439 556 1522 praeliabat,
596 1457 628 1502 ut
657 1441 789 1503 subduci
815 1441 970 1528 relioique
1066 1482 1068 1491 ι

0 1523 144 1598 «cilent3
170 1531 266 1602 quom
280 1519 384 1581 subito
400 1535 529 1582 exortus
544 1523 642 1584 auster
658 1522 889 1586 vehementiori
902 1547 968 1586 om·

0 1625 53 1662 aes
72 1591 267 1662 discrimine
286 1601 430 1662 involvit.
474 1602 538 1664 Sed
553 1603 724 1685 Pompeius
744 1605 824 1672 intra
843 1619 969 1688 portum

0 1696 20 1735 te
31 1683 224 1744 ames-tinum
243 1679 417 1742 deduxerat
432 1703 503 1744 suas
519 1703 623 1748 nares.
647 1697 677 1744 at
688 1685 892 1747 Caesarianae
907 1689 970 1747 cir-

18 1787 33 1824 a
53 1764 133 1824 litus
156 1781 304 1844 asperum
327 1775 359 1823 et
375 1763 604 1844 importuosum
624 1765 746 1848 ingenti
764 1767 907 1848 periculo
925 1767 970 1846 ja·

19 1843 178 1905 tabantnr.
212 1857 317 1936 neque
336 1843 438 1905 resilii
457 1859 581 1926 poterat
601 1867 659 1930 per
676 1845 851 1908 absentiam
869 1849 970 1908 nauti-

1 1942 52 1985 tae
71 1924 199 1995 turbae,
220 1943 401 2020 cujuspars
416 1925 827 2000 majorinlituseraserat.
859 1928 968 1990 Sabini
995 1921 1152 1992 ''mv“-
1185 1935 1189 1948 '
1296 1923 1304 1940 '

1 2015 102 2066 tamen
129 2006 234 2066 minos
258 2003 382 2068 adiiteta
411 2005 513 2066 ciuilis
538 2007 579 2069 eli
606 2013 717 2070 Menae
746 1991 1111 2107 providentia;³‘''“'‘'‘':

4 2087 74 2169 qul,
96 2095 213 2168 magtio
231 2087 280 2146 rei
302 2087 474 2148 maritimae
489 2109 565 2160 usu,
591 2089 718 2170 longius
736 2088 769 2147 in
790 2109 875 2148 mare
893 2107 969 2172 pro·
980 2071 1048 2128 ΜΨ
1049 2061 1098 2124 ‘st‘
1113 2077 1136 2110 ''

1 2181 129 2238 rectus,
158 2165 214 2226 ‘ubi
235 2167 343 2228 mitius
363 2168 611 2231 intumescebant
628 2169 749 2240 undae,
777 2168 855 2246 jecit
874 2175 968 2230 anco·
1030 2231 1034 2240 ,

4 2257 68 2322 'res3
92 2250 296 2330 remigioque
313 2249 509 2310 contendens
526 2249 679 2311 adversus
698 2263 836 2320 ventum,
858 2269 898 2310 ne
918 2249 972 2338 fug

5 2341 58 2389 nes
82 2331 199 2391 intenti
219 2345 461 2410 rumperentur,
489 2330 614 2402 ederit,
646 2344 679 2392 ut
703 2331 815 2392 eodem
842 2351 969 2414 semper

5 2411 74 2470 ioco
96 2421 210 2470 tenere
231 2410 404 2492 sopolim,
435 2412 625 2474 tantumdem
639 2412 741 2493 'spatii
759 2409 894 2472 subinde
916 2431 969 2473 re·

5 2506 131 2553 mensus
149 2489 305 2572 remigio,
327 2505 442 2574 quanto
461 2493 610 2574 abreptus
629 2493 714 2552 venti
733 2492 884 2553 violentis
899 2492 969 2554 loe-

6 2584 60 2631 rat.
104 2571 167 2634 Sed
198 2572 309 2634 etalii
335 2572 479 2653 quidam,
511 2571 692 2636 industriam
717 2571 810 2652 hujus
836 2574 968 2646 imitati,

6 2651 119 2736 pellem
144 2651 327 2714 intentatam
345 2655 543 2736 repulerunt.

61 2749 146 2819 xix.
167 2753 210 2818 At
224 2757 347 2840 reliqua
361 2759 546 2830 multitudo,
568 2772 707 2830 rentum,
729 2773 764 2819 ut
778 2777 877 2820 verno
892 2773 971 2822 tem·
1000 2775 1124 2828 cessaris

9 2857 103 2920 pore,
132 2837 198 2900 cito
222 2839 399 2922 positurum
420 2838 611 2912 existimans,
643 2841 803 2936 utriquue
827 2841 969 2902 revincta
982 2845 1079 2910 elaffam
1089 2857 1149 2894 ιιιι-

9 2919 131 2980 ancoris
152 2921 295 3002 navigia,
325 2941 367 2981 ne
395 2919 642 2994 colliderentur,
672 2936 775 2982 contis
803 2913 1066 3004 propulsa-751¹?
1079 2912 1127 2964 ’θ’

9 2997 79 3060 bant
87 3019 96 3074 3
123 3000 252 3070 minime
272 2999 418 3064 diuturne
436 3021 515 3085 ope,
538 3023 633 3084 quum
649 2999 742 3063 ssatus
759 2981 1063 3084 impetuosiorfl'⁸“·
1172 3013 1178 3034 ¹

10 3079 152 3141 obstantia
175 3081 279 3142 omnis
297 3079 479 3160 disjiceret:
502 3101 679 3224 navesque,
701 3081 857 3178 disruptis
874 3103 970 3146 anco·

9 3151 135 3232 talibus,
158 3163 192 3222 in
210 3163 286 3224 litus
300 3163 566 3248 impingebantur.
626 3183 735 3224 aerum
752 3161 869 3224 deinde
886 3163 971 3226 diem

11 3239 121 3302 triliior
137 3261 202 3304 nox
218 3243 359 3325 excepit,
382 3245 566 3308 intendente
583 3265 619 3308 se
637 3257 752 3315 rento,
776 3257 809 3304 et
828 3245 971 3306 tenebris

12 3337 209 3404 conspectum
240 3323 461 3386 adimentibus.
494 3324 553 3402 jam
580 3323 705 3406 pridem
736 3323 819 3384 enim
848 3325 971 3386 aurium

13 3417 79 3464 usas
98 3405 256 3484 perierat,
279 3405 490 3489 nequidquam
509 3419 659 3467 contento
678 3403 816 3466 clamore
834 3407 972 3486 petenti·

14 3483 193 3566 b1¹⁸⁰p⁰ms
218 3505 352 3568 quorum
370 3507 467 3550 voees
486 3499 653 3548 ventorum
670 3483 886 3566 fluctuumque
903 3484 972 3547 liri-

16 3565 82 3636 dar,
105 3579 137 3626 et
156 3567 340 3648 reperoollu
360 3569 513 3629 montium
533 3567 731 3648 multiplicati
749 3564 898 3628 fremitus
915 3567 972 3629 ob·

14 3649 146 3708 ruebant.
190 3649 293 3710 Etiam
319 3647 419 3712 aelius
452 3649 502 3711 bis
523 3647 704 3711 -adoellerat
732 3648 840 3719 malis,
875 3661 972 3710 etex

13 3729 134 3788 naribus
159 3745 330 3811 utcumque
356 3746 517 3807 serratos,
547 3729 580 3790 in
601 3744 685 3793 terra
707 3749 835 3812 quoque
857 3725 973 3792 ssuctus

12 3799 105 3870 infesti
126 3811 414 3894 consequebantur.
456 3810 616 3884 Tandem,
638 3812 807 3895 adpetente
827 3809 898 3882 die,
921 3831 972 3872 re·

12 3891 87 3952 misit
105 3905 234 3968 sentus,
256 3905 288 3954 et
308 3893 367 3954 sub
385 3893 463 3955 solis
482 3901 584 3955 ortum
604 3893 697 3976 plane
712 3893 855 3976 quievit3
876 3890 971 3954 undis

12 3972 103 4034 lamen
121 3971 223 4034 adbuc
241 3973 296 4036 diu
315 3973 549 4064 saevientibus!
582 3974 724 4036 atrocior
745 3973 829 4037 enlm
846 3987 970 4057 tempe·

14 4089 326 4118 b——n--n-

39 4159 104 4240 esp.
120 4151 225 4223 xvitl.
243 4165 312 4224 Dio.
328 4173 359 4220 et
374 4163 500 4237 Appiam
