2658 4686
129 309 171 376 lu
193 305 342 372 Locus!
359 307 441 372 Lus.
463 303 773 370 cxxxlv.1.1v11.
896 297 955 362 bbb

23 545 58 586 rs,
81 539 114 576 ne
140 523 192 572 aut
217 515 405 588 respublicae
429 523 481 572 aut
504 517 641 588 priuatae
663 510 770 568 ciamus
793 510 953 568 detrimen·
986 503 1021 568 U·
1036 520 1061 558 ο·
1078 503 1138 573 qsb.

23 613 58 648 on
73 589 213 654 sentiant3
240 593 293 642 out
308 605 376 656 pere
401 589 487 641 rinus
503 583 612 654 aliquis
628 579 710 651 apud
730 601 778 638 eos
789 580 952 652 quidquam
984 578 1019 630 Δ.
1031 575 1065 630 C.
1078 591 1121 643 sq.

23 679 47 714 oc
57 659 167 712 nomine
181 665 354 727 sumptuum
364 603 486 728 fisciatq
512 649 713 708 automnibus
727 645 808 704 tu'ar's
823 653 953 706 uictores

23 729 146 785 roniscuc
163 734 307 798 perpetuu
330 723 478 783 alimenta
494 722 659 790 adcipiant.
695 719 773 774 Nom
788 715 953 792 locupletes

23 806 72 852 stro
85 793 216 864 patriam
233 812 321 850 suam
340 791 456 866 aliquid
473 789 646 864 impendere
661 789 731 860 cogi
745 789 878 856 iniquum
890 795 953 844 est:

23 875 27 918 t
40 861 208 920 certantibus
223 857 360 936 sufficere
375 864 484 922 debent
503 859 657 932 praemia,
676 875 752 926 quae
767 857 861 912 ubiuis
875 855 954 912 ioco-

23 954 57 988 um
77 933 236 986 constituta
257 939 344 1001 eunt,·
372 939 586 1006 praeterquam
609 927 637 982 si
661 926 719 996 qui¹
737 923 876 999 Olympia
901 929 956 980 aut

23 1001 108 1074 qesta,
124 1007 174 1054 aat
191 997 245 1056 boc
259 1019 358 1074 genus
372 998 487 1060 celebre
498 1007 650 1056 certarnen
662 995 773 1050 uicerit.
801 994 856 1050 bos
873 995 955 1051 enirn

23 1071 69 1124 rios
86 1067 229 1124 alimenta
246 1071 412 1142 eaperesas
428 1079 511 1126 esta:
540 1085 577 1122 ne
595 1063 728 1122 civitates
735 1061 859 1134 frustra
876 1081 955 1118 sums

25 1141 86 1194 tibus
106 1143 274 1194 onerentur.
312 1135 412 1212 Neque
433 1137 589 1208 homines,
613 1133 674 1188 nisi
695 1131 955 1202 praestantissimi

23 1211 106 1278 cique,
129 1214 348 1272 exerceantur,
377 1209 483 1264 ceteris
496 1207 531 1262 in
544 1201 610 1258 ‘otia
622 1199 681 1260 sibi
693 1208 720 1254 et
737 1199 857 1268 publico
872 1198 955 1254 atili·

23 1285 171 1340 ratempus
192 1277 385 1345 impensuris.
432 1277 584 1332 Circenses
604 1276 702 1326 autem
723 1266 802 1324 nulii
823 1265 956 1324 aliarum
1061 1263 1062 1269 ’

24 1345 103 1398 rbiurn
118 1341 335 1413 permittendus
356 1361 480 1402 censeo:
503 1361 541 1398 ne
554 1356 670 1412 magna
688 1338 730 1392 uis
743 1337 890 1408 pecuniae
904 1354 956 1391 ne-

23 1413 143 1483 uidquans
159 1413 351 1479 insumatur,
377 1421 406 1472 et
423 1412 605 1483 aurigarum
620 1405 730 1462 studiis
755 1405 892 1462 bomines
909 1407 957 1458 in·

23 1485 128 1536 oniant:
147 1483 283 1536 macione
299 1499 377 1552 uero,
397 1501 435 1536 ne
450 1481 558 1552 optimi
573 1477 677 1550 quique
694 1477 761 1544 equi
773 1474 877 1530 usibus
896 1469 957 1528 bel·

23 1545 280 1604 Icissabducentur.
316 1551 474 1606 Numisnsa
488 1561 700 1614 mensurasque
718 1545 895 1611 etpondera
914 1559 959 1598 se·
989 1551 995 1565 ’

23 1620 82 1672 rsim
96 1615 204 1675 babere
227 1619 377 1680 neminem
392 1619 496 1698 sinito..
535 1614 686 1670 Romanis
706 1620 839 1672 utuntor.

53 1725 112 1788 LV.
134 1733 182 1793 Ad
197 1739 225 1790 te
241 1733 428 1806 legationes,
454 1733 514 1787 nisi
530 1747 577 1785 res
595 1729 771 1802 cognitione
786 1721 958 1797 tua'digqa
971 1693 1147 1818 „imm”

23 1807 147 1870 eciderit,
167 1821 203 1856 ne
222 1805 361 1859 mittant:
380 1809 435 1858 cut
454 1799 495 1856 ad
505 1797 731 1872 proconsulem,
752 1803 804 1850 oat
821 1794 958 1864 legatum
996 1835 1002 1847 .
1055 1834 1062 1848 .

23 1877 135 1932 'esideria
152 1889 207 1928 sua
229 1870 381 1940 deferant,
405 1879 493 1942 atque
509 1872 536 1926 is
556 1868 708 1928 aestimet,
738 1864 775 1920 rie
794 1865 898 1936 quibus
915 1881 956 1916 re·
969 1833 1086 1906 imm·

26 1963 51 1999 us
67 1944 103 1998 ori
122 1953 150 1998 te
170 1937 281 2012 referre
298 1937 414 1996 debeat.
454 1939 517 1994 Hac
539 1937 655 1990 ratione
674 1931 769 1990 simut
789 1943 816 1988 et
837 1931 962 2002 sumpti·

24 2017 208 2082 reponetur,
228 2017 255 2065 et
268 2007 359 2064 maiis
373 2005 490 2064 artibus
504 2005 597 2060 ibitur
614 2001 742 2070 obuiom;
762 2017 962 2069 responsaque

23 2084 88 2134 'rotis
103 2087 131 2134 et
150 2082 226 2134 citra
245 2077 391 2132 ambitum
408 2075 593 2147 auferentur.
632 2075 666 2128 tn
684 2069 804 2140 reliquis
821 2072 866 2124 ito
883 2067 962 2122 mibi

23 2149 130 2204 ideberis
153 2147 262 2217 optime
282 2143 489 2208 consulturus,
515 2143 542 2196 si
562 2159 667 2214 regum
686 2141 902 2207 nationumque
919 2135 958 2190 te-

23 2229 80 2272 ntos
100 2218 229 2288 primurn
253 2216 285 2270 in
312 2215 428 2269 curiam
452 2207 641 2275 introducas,
669 2208 755 2272 (nam
779 2214 808 2260 et
824 2206 960 2276 alioquin

23 2286 190 2360 ragnificum
209 2283 276 2348 erit,
294 2291 432 2338 senatum
450 2297 550 2336 rerum
568 2279 700 2332 omnium
719 2273 867 2330 arbitrum
884 2265 963 2328 uide·

23 2359 30 2410 i
36 2375 44 2422 5
63 2365 87 2410 et
101 2357 202 2424 inique
218 2351 379 2422 agentibus
393 2349 507 2405 multos
520 2345 667 2407 resistere)
679 2343 799 2407 deinde,
820 2343 890 2412 quiri
911 2339 963 2396 uiri

23 2423 144 2494 gentiam
156 2421 213 2476 erit
228 2418 389 2476 secundum
405 2418 494 2492 leges,
513 2435 552 2472 ea
567 2419 688 2469 senatus
703 2413 882 2468 auctoritate
888 2359 964 2478 iicet.

23 2495 51 2548 iic
66 2495 142 2548 enim
159 2499 190 2546 et
211 2487 348 2560 dignttos
365 2489 486 2562 imperii
510 2483 676 2540 seruabitur
682 2501 693 2552 ,·
720 2489 748 2536 et
760 2479 885 2551 planum
908 2481 966 2536 erit

27 2563 135 2616 mnibus
157 2565 342 2628 certumque,
375 2564 423 2624 te,
457 2551 600 2628 quidquid
628 2547 859 2616 statueris,‘ex
877 2566 967 2622 prae·

24 2633 105 2701 cripta
117 2627 220 2702 tegam
237 2627 392 2681 statuisse.
460 2694 464 2707 .
955 2655 963 2664 -

58 2724 134 2786 LVI.
159 2729 221 2786 Sed
237 2736 267 2786 et
281 2733 435 2788 senatores
450 2719 652 2799 coniugesque
665 2737 767 2776 eorum
783 2713 967 2777 nutiiberos.

24 2803 170 2875 uimajore
183 2797 315 2872 quadam
331 2793 591 2850 animaduersione
604 2789 700 2863 digno
718 2786 905 2846 commisisst
921 2779 967 2836 di·

23 2883 120 2938 entur,
146 2867 187 2926 ad
205 2875 327 2923 senatus
343 2862 546 2936 cognitionem
562 2859 709 2920 adduces,
735 2855 818 2928 eique
830 2871 901 2931 'rens
919 2851 967 2906 in·

23 2961 112 3014 egram
122 2939 302 2994 committes.
322 2933 383 2988 Nee
396 2927 723 2990 enimuerendumerit‚
740 2945 778 2982 ne
789 2937 968 2992 curasquam

23 3011 130 3066 'ratiorn
149 3017 219 3063 tuoe
233 3000 407 3074 anteferant
423 2999 549 3056 Putrese
568 3003 612 3063 et,
639 2995 714 3069 ipsis
731 2995 764 3052 in
781 2989 969 3072 noxiaspin·

23 3079 178 3139 tractibus,
198 3073 231 3128 tsi
246 3074 324 3130 citra
340 3077 427 3125 tuane
440 3067 589 3124 inuidiam
602 3064 764 3138 punientur
769 3080 781 3133 ,¹
800 3067 829 3116 et
845 3055 912 3120 aler,
932 3073 970 3110 ne

23 3150 103 3218 tiprt
126 3141 248 3219 publico
270 3145 395 3198 senatus
421 3133 529 3196 'adicio
551 3137 764 3207 exponantur,
795 3133 881 3183 tanto
900 3121 969 3180 diti-
998 3159 1002 3164 -
1098 3177 1106 3192 .

23 3221 119 3272 *entius
139 3210 268 3284 flagitio
291 3155 497 3266 abstinebunt·
532 3203 614 3262 Haec
633 3208 735 3260 autem
752 3195 850 3256 debis
867 3212 968 3278 creme·
1001 3180 1124 3264 sittim

23 3287 86 3342 obus
103 3305 152 3340 me
169 3279 282 3340 sentire
306 3277 497 3340 memineris,
522 3274 560 3330 de
578 3269 682 3343 quibus
697 3264 871 3326 introducta
893 3260 968 3333 lege·
981 3247 1128 3322 tumim
1180 3311 1183 3320 .

23 3373 58 3408 »us
64 3353 180 3426 judicia
190 3347 327 3406 exerceri
334 3351 557 3402 consueverunt.
585 3343 666 3397 Nom
679 3336 783 3408 siquis
796 3333 831 3388 in
842 3339 871 3388 te
876 3327 969 3403 forsi-
983 3330 1104 3388 ΨΜ·

23 3441 55 3476 on
70 3425 113 3480 ati
134 3417 187 3478 uid
200 3415 411 3474 inclementius
427 3411 542 3470 diuisse
554 3417 610 3466 aut
619 3401 863 3464 contumeliosius
879 3415 972 3470 orgo·
983 3383 1121 3441 stutmi·

23 3503 89 3557 ruer,
118 3490 151 3548 ui
173 3504 282 3560 neque,
312 3486 341 3542 si
366 3481 536 3562 pejeratur,
564 3475 769 3556 audiendum
794 3486 887 3541 neque
908 3465 973 3553 utto

23 3559 90 3618 nocio
107 3554 327 3616 uindicandum
343 3569 362 3608 a
379 3571 408 3610 o.
443 3550 525 3608 Haec
541 3545 619 3606 tatia
657 3543 697 3602 act
711 3555 849 3600 animum
862 3533 973 3592 admet-

23 3649 79 3695 ενι,
103 3627 187 3686 rnale
200 3628 417 3696 imperantium
431 3627 494 3689 est,
519 3618 568 3691 qui
584 3614 667 3672 dicta
687 3605 974 3690 possuntnredere,

23 3717 76 3754 uae
97 3697 158 3754 dici
184 3695 218 3750 in
239 3711 271 3749 se
292 3693 400 3748 merito
421 3707 507 3762 posse
531 3684 674 3744 sentiunt.
719 3677 875 3734 Gonscmm
903 3673 977 3730 bene

23 3776 109 3836 :essee
126 3767 171 3824 rei
191 3757 316 3830 ubiicaei
324 3777 440 3833 magno
449 3776 511 3815 esse
523 3755 627 3811 anirno
636 3751 728 3810 decet.
749 3763 803 3832 pec
816 3741 978 3826 auterede·

23 3857 36 3890 e
52 3835 147 3908 falsis
183 3849 269 3890 orum
287 3829 451 3886 criminum
470 3823 611 3885 indiciis,
630 3827 774 3878 autuerse
789 3829 978 3868 commouere·

23 3925 75 3960 rom
98 3912 142 3964 et.
187 3904 219 3958 ui
241 3900 317 3956 baec
338 3898 530 3970 impatienter
539 3889 667 3964 serant.
694 3885 809 3942 nudum
831 3878 980 3952 praebent

23 3919 272 4040 noteriicisiatus‚
302 3961 512 4039 efficiuntque,
531 3969 563 4018 ut
574 3959 630 4014 bos
647 3951 771 4013 delectet
785 3943 979 4006 rumusculos

23 4013 980 4166 uturumsuurn:suasurum
1071 4071 1074 4084 ·

23 4183 102 4252 toque
120 4178 222 4236 autin
241 4175 347 4232 animo
363 4181 417 4232 tuo
437 4169 591 4240 concipias
607 4165 689 4224 banc
707 4158 899 4232 opinionem,
926 4159 981 4210 aut
