<?xml version="1.0" encoding="UTF-8"?>
<!DOCTYPE html PUBLIC "-//W3C//DTD XHTML 1.0 Transitional//EN"
    "http://www.w3.org/TR/xhtml1/DTD/xhtml1-transitional.dtd">
<html xmlns="http://www.w3.org/1999/xhtml" xml:lang="en" lang="en">
 <head>
  <title>
</title>
<meta http-equiv="Content-Type" content="text/html;charset=utf-8" />
  <meta name='ocr-system' content='tesseract 3.04.00' />
  <meta name='ocr-capabilities' content='ocr_page ocr_carea ocr_par ocr_line ocrx_word'/>
</head>
<body>
  <div class='ocr_page' id='page_1' title='image "./tliviipatavinih02drakgoog_0261.png"; bbox 0 0 2588 4688; ppageno 0'>
   <div class='ocr_carea' id='block_1_1' title="bbox 318 265 1280 408">
    <p class='ocr_par' dir='ltr' id='par_1_1' title="bbox 318 265 1280 408">
     <span class='ocr_line' id='line_1_1' title="bbox 318 265 1280 408; baseline -0.009 -40"><span class='ocrx_word' id='word_1_1' title='bbox 318 307 379 378; x_wconf 70' lang='lat' dir='ltr'><strong>asc</strong></span> <span class='ocrx_word' id='word_1_2' title='bbox 408 265 1280 408; x_wconf 68' lang='lat' dir='ltr'><strong>acernen.strennunuconuunmmxxu.</strong></span> 
     </span>
    </p>
   </div>
   <div class='ocr_carea' id='block_1_2' title="bbox 148 507 1294 1252">
    <p class='ocr_par' dir='ltr' id='par_1_2' title="bbox 148 507 1294 1252">
     <span class='ocr_line' id='line_1_2' title="bbox 149 507 1268 599; baseline 0.002 -29"><span class='ocrx_word' id='word_1_3' title='bbox 149 513 183 570; x_wconf 83' lang='lat'><strong>0.</strong></span> <span class='ocrx_word' id='word_1_4' title='bbox 201 530 229 568; x_wconf 86' lang='lat' dir='ltr'><strong>c.</strong></span> <span class='ocrx_word' id='word_1_5' title='bbox 244 515 431 599; x_wconf 68' lang='lat' dir='ltr'><strong>70801‘rtdigna</strong></span> <span class='ocrx_word' id='word_1_6' title='bbox 449 533 496 574; x_wconf 84' lang='lat' dir='ltr'><strong>uec</strong></span> <span class='ocrx_word' id='word_1_7' title='bbox 512 518 625 595; x_wconf 81' lang='lat' dir='ltr'><strong>perarari.</strong></span> <span class='ocrx_word' id='word_1_8' title='bbox 666 511 923 598; x_wconf 71' lang='lat' dir='ltr'><strong>Quinquatruum,</strong></span> <span class='ocrx_word' id='word_1_9' title='bbox 946 512 964 570; x_wconf 79' lang='lat' dir='ltr'><strong>d</strong></span> <span class='ocrx_word' id='word_1_10' title='bbox 977 507 1034 590; x_wconf 79' lang='lat' dir='ltr'><strong>fidi</strong></span> <span class='ocrx_word' id='word_1_11' title='bbox 1050 513 1136 584; x_wconf 72' lang='lat' dir='ltr'><strong>dves,</strong></span> <span class='ocrx_word' id='word_1_12' title='bbox 1157 510 1218 584; x_wconf 79' lang='lat' dir='ltr'><strong>bic,</strong></span> <span class='ocrx_word' id='word_1_13' title='bbox 1238 533 1268 592; x_wconf 81' lang='lat' dir='ltr'><strong>qa</strong></span> 
     </span>
     <span class='ocr_line' id='line_1_3' title="bbox 148 582 1287 673; baseline -0.003 -20"><span class='ocrx_word' id='word_1_14' title='bbox 148 583 187 638; x_wconf 58' lang='lat' dir='ltr'><strong>A·</strong></span> <span class='ocrx_word' id='word_1_15' title='bbox 201 582 236 638; x_wconf 73' lang='lat' dir='ltr'><strong>G·</strong></span> <span class='ocrx_word' id='word_1_16' title='bbox 252 590 297 653; x_wconf 76' lang='grc'><strong>44·</strong></span> <span class='ocrx_word' id='word_1_17' title='bbox 320 601 401 657; x_wconf 83' lang='lat' dir='ltr'><strong>etiam</strong></span> <span class='ocrx_word' id='word_1_18' title='bbox 431 613 538 658; x_wconf 81' lang='lat' dir='ltr'><strong>mortuo</strong></span> <span class='ocrx_word' id='word_1_19' title='bbox 565 595 687 667; x_wconf 78' lang='lat' dir='ltr'><strong>haberis,</strong></span> <span class='ocrx_word' id='word_1_20' title='bbox 721 605 806 654; x_wconf 83' lang='lat' dir='ltr'><strong>horaur</strong></span> <span class='ocrx_word' id='word_1_21' title='bbox 833 593 866 653; x_wconf 82' lang='lat' dir='ltr'><strong>ab</strong></span> <span class='ocrx_word' id='word_1_22' title='bbox 894 595 942 654; x_wconf 83' lang='lat' dir='ltr'><strong>hot</strong></span> <span class='ocrx_word' id='word_1_23' title='bbox 968 597 1081 654; x_wconf 83' lang='lat' dir='ltr'><strong>crimine</strong></span> <span class='ocrx_word' id='word_1_24' title='bbox 1101 593 1174 673; x_wconf 80' lang='lat' dir='ltr'><strong>fiatis</strong></span> <span class='ocrx_word' id='word_1_25' title='bbox 1202 592 1287 653; x_wconf 83' lang='lat' dir='ltr'><strong>liberat</strong></span> 
     </span>
     <span class='ocr_line' id='line_1_4' title="bbox 320 671 1285 759; baseline -0.006 -18"><span class='ocrx_word' id='word_1_26' title='bbox 320 680 492 741; x_wconf 86' lang='lat' dir='ltr'><strong>Praelecto</strong></span> <span class='ocrx_word' id='word_1_27' title='bbox 512 677 632 740; x_wconf 89' lang='lat' dir='ltr'><strong>deinde</strong></span> <span class='ocrx_word' id='word_1_28' title='bbox 646 675 879 757; x_wconf 86' lang='lat' dir='ltr'><strong>jurejurando,</strong></span> <span class='ocrx_word' id='word_1_29' title='bbox 903 694 968 758; x_wconf 86' lang='lat' dir='ltr'><strong>quo</strong></span> <span class='ocrx_word' id='word_1_30' title='bbox 987 694 1023 736; x_wconf 86' lang='lat' dir='ltr'><strong>ae</strong></span> <span class='ocrx_word' id='word_1_31' title='bbox 1044 692 1106 759; x_wconf 87' lang='lat' dir='ltr'><strong>pro</strong></span> <span class='ocrx_word' id='word_1_32' title='bbox 1124 671 1227 736; x_wconf 85' lang='lat' dir='ltr'><strong>salute</strong></span> <span class='ocrx_word' id='word_1_33' title='bbox 1244 677 1285 752; x_wconf 78' lang='lat' dir='ltr'><strong>eju</strong></span> 
     </span>
     <span class='ocr_line' id='line_1_5' title="bbox 319 756 1284 840; baseline -0.004 -18"><span class='ocrx_word' id='word_1_34' title='bbox 319 760 551 822; x_wconf 80' lang='lat' dir='ltr'><strong>adstrinxerunt</strong></span> <span class='ocrx_word' id='word_1_35' title='bbox 574 781 705 832; x_wconf 89' lang='lat' dir='ltr'><strong>omnes,</strong></span> <span class='ocrx_word' id='word_1_36' title='bbox 733 756 1034 840; x_wconf 71' lang='lat' dir='ltr'><strong>exsecrabilemq&#39;ue</strong></span> <span class='ocrx_word' id='word_1_37' title='bbox 1058 757 1123 820; x_wconf 77' lang='lat' dir='ltr'><strong>etta</strong></span> <span class='ocrx_word' id='word_1_38' title='bbox 1143 756 1284 837; x_wconf 76' lang='lat' dir='ltr'><strong>julianam</strong></span> 
     </span>
     <span class='ocr_line' id='line_1_6' title="bbox 295 839 1289 926; baseline -0.005 -22"><span class='ocrx_word' id='word_1_39' title='bbox 295 860 301 882; x_wconf 87' lang='lat'><strong>·</strong></span> <span class='ocrx_word' id='word_1_40' title='bbox 320 840 377 926; x_wconf 89' lang='lat' dir='ltr'><strong>qui</strong></span> <span class='ocrx_word' id='word_1_41' title='bbox 395 863 460 904; x_wconf 92' lang='lat' dir='ltr'><strong>non</strong></span> <span class='ocrx_word' id='word_1_42' title='bbox 477 843 664 904; x_wconf 80' lang='lat' dir='ltr'><strong>vindicallet</strong></span> <span class='ocrx_word' id='word_1_43' title='bbox 680 842 818 926; x_wconf 86' lang='lat' dir='ltr'><strong>petitum</strong></span> <span class='ocrx_word' id='word_1_44' title='bbox 837 840 996 916; x_wconf 80' lang='lat' dir='ltr'><strong>insidiia3,</strong></span> <span class='ocrx_word' id='word_1_45' title='bbox 1009 839 1243 904; x_wconf 85' lang='lat' dir='ltr'><strong>contentillima</strong></span> <span class='ocrx_word' id='word_1_46' title='bbox 1257 861 1289 900; x_wconf 88' lang='lat' dir='ltr'><strong>ro</strong></span> 
     </span>
     <span class='ocr_line' id='line_1_7' title="bbox 320 923 1286 1008; baseline -0.004 -22"><span class='ocrx_word' id='word_1_47' title='bbox 320 945 359 986; x_wconf 88' lang='lat' dir='ltr'><strong>ee</strong></span> <span class='ocrx_word' id='word_1_48' title='bbox 388 940 546 1008; x_wconf 86' lang='lat' dir='ltr'><strong>manuque</strong></span> <span class='ocrx_word' id='word_1_49' title='bbox 571 925 611 996; x_wconf 80' lang='lat' dir='ltr'><strong>ad</strong></span> <span class='ocrx_word' id='word_1_50' title='bbox 635 924 830 1008; x_wconf 70' lang='lat' dir='ltr'><strong>Capitolium</strong></span> <span class='ocrx_word' id='word_1_51' title='bbox 857 923 1010 994; x_wconf 74' lang='lat' dir='ltr'><strong>sublata„</strong></span> <span class='ocrx_word' id='word_1_52' title='bbox 1030 924 1160 998; x_wconf 78' lang='lat' dir='ltr'><strong>Jaraai,</strong></span> <span class='ocrx_word' id='word_1_53' title='bbox 1193 923 1286 1006; x_wconf 83' lang='lat' dir='ltr'><strong>inquit</strong></span> 
     </span>
     <span class='ocr_line' id='line_1_8' title="bbox 320 999 1294 1088; baseline -0.003 -23"><span class='ocrx_word' id='word_1_54' title='bbox 320 1007 443 1088; x_wconf 80' lang='lat' dir='ltr'><em>Jupiter</em></span> <span class='ocrx_word' id='word_1_55' title='bbox 458 1009 563 1088; x_wconf 79' lang='lat' dir='ltr'><strong>Diiqae</strong></span> <span class='ocrx_word' id='word_1_56' title='bbox 577 1013 678 1080; x_wconf 81' lang='lat' dir='ltr'><strong>cereri,</strong></span> <span class='ocrx_word' id='word_1_57' title='bbox 707 1027 735 1065; x_wconf 87' lang='lat' dir='ltr'><strong>er</strong></span> <span class='ocrx_word' id='word_1_58' title='bbox 772 1023 868 1066; x_wconf 79' lang='lat' dir='ltr'><strong>aram</strong></span> <span class='ocrx_word' id='word_1_59' title='bbox 889 1024 964 1064; x_wconf 81' lang='lat' dir='ltr'><strong>eram</strong></span> <span class='ocrx_word' id='word_1_60' title='bbox 980 999 1084 1084; x_wconf 70' lang='lat' dir='ltr'><strong>alcisci.</strong></span> <span class='ocrx_word' id='word_1_61' title='bbox 1107 1003 1181 1085; x_wconf 81' lang='lat' dir='ltr'><strong>sed,</strong></span> <span class='ocrx_word' id='word_1_62' title='bbox 1209 1024 1294 1085; x_wconf 82' lang='lat' dir='ltr'><strong>quara</strong></span> 
     </span>
     <span class='ocr_line' id='line_1_9' title="bbox 318 1024 1284 1252; baseline -0.002 -104"><span class='ocrx_word' id='word_1_63' title='bbox 318 1090 622 1252; x_wconf 43' lang='lat' dir='ltr'><strong>M‘ffnmlss‘mni</strong></span> <span class='ocrx_word' id='word_1_64' title='bbox 642 1111 657 1149; x_wconf 86' lang='lat' dir='ltr'><strong>e</strong></span> <span class='ocrx_word' id='word_1_65' title='bbox 678 1024 814 1170; x_wconf 59' lang='lat' dir='ltr'><strong>repellite</strong></span> <span class='ocrx_word' id='word_1_66' title='bbox 840 1085 928 1170; x_wconf 81' lang='lat' dir='ltr'><strong>uisum</strong></span> <span class='ocrx_word' id='word_1_67' title='bbox 952 1085 990 1164; x_wconf 81' lang='lat' dir='ltr'><strong>est</strong></span> <span class='ocrx_word' id='word_1_68' title='bbox 1011 1083 1164 1160; x_wconf 68' lang='lat' dir='ltr'><strong>Patribus,</strong></span> <span class='ocrx_word' id='word_1_69' title='bbox 1197 1103 1284 1168; x_wconf 74' lang='lat' dir='ltr'><strong>precor</strong></span> 
     </span>
     <span class='ocr_line' id='line_1_10' title="bbox 316 1189 537 1233; baseline 0.005 -2"><span class='ocrx_word' id='word_1_70' title='bbox 316 1190 350 1231; x_wconf 81' lang='lat' dir='ltr'><strong>ur</strong></span> <span class='ocrx_word' id='word_1_71' title='bbox 390 1189 424 1230; x_wconf 82' lang='lat' dir='ltr'><strong>rar</strong></span> <span class='ocrx_word' id='word_1_72' title='bbox 446 1189 487 1231; x_wconf 83' lang='lat' dir='ltr'><strong>atr</strong></span> <span class='ocrx_word' id='word_1_73' title='bbox 499 1189 537 1233; x_wconf 79' lang='lat' dir='ltr'><strong>aa.</strong></span> 
     </span>
    </p>
   </div>
   <div class='ocr_carea' id='block_1_3' title="bbox 311 1297 1294 2039">
    <p class='ocr_par' dir='ltr' id='par_1_3' title="bbox 311 1297 1294 2039">
     <span class='ocr_line' id='line_1_11' title="bbox 317 1297 1283 1364; baseline -0.002 0"><span class='ocrx_word' id='word_1_74' title='bbox 317 1297 322 1316; x_wconf 90' lang='lat'><strong><em>‘</em></strong></span> <span class='ocrx_word' id='word_1_75' title='bbox 378 1297 445 1364; x_wconf 85' lang='lat' dir='ltr'><strong>CV.</strong></span> <span class='ocrx_word' id='word_1_76' title='bbox 476 1299 759 1364; x_wconf 69' lang='lat' dir='ltr'><strong>&#39;tumultuantibus</strong></span> <span class='ocrx_word' id='word_1_77' title='bbox 788 1297 935 1364; x_wconf 87' lang='lat' dir='ltr'><strong>adhaec</strong></span> <span class='ocrx_word' id='word_1_78' title='bbox 960 1297 1061 1364; x_wconf 87' lang='lat' dir='ltr'><strong>verba</strong></span> <span class='ocrx_word' id='word_1_79' title='bbox 1089 1297 1283 1364; x_wconf 80' lang='lat' dir='ltr'><strong>senatoribus</strong></span> 
     </span>
     <span class='ocr_line' id='line_1_12' title="bbox 315 1381 1291 1470; baseline -0.002 -26"><span class='ocrx_word' id='word_1_80' title='bbox 315 1403 377 1444; x_wconf 89' lang='lat' dir='ltr'><strong>nec</strong></span> <span class='ocrx_word' id='word_1_81' title='bbox 394 1382 481 1446; x_wconf 89' lang='lat' dir='ltr'><strong>enim</strong></span> <span class='ocrx_word' id='word_1_82' title='bbox 500 1383 640 1448; x_wconf 89' lang='lat' dir='ltr'><strong>obscure</strong></span> <span class='ocrx_word' id='word_1_83' title='bbox 660 1383 872 1470; x_wconf 79' lang='lat' dir='ltr'><strong>petebantur,</strong></span> <span class='ocrx_word' id='word_1_84' title='bbox 896 1385 936 1446; x_wconf 91' lang='lat' dir='ltr'><strong>ad</strong></span> <span class='ocrx_word' id='word_1_85' title='bbox 954 1381 1142 1446; x_wconf 88' lang='lat' dir='ltr'><strong>leniendam</strong></span> <span class='ocrx_word' id='word_1_86' title='bbox 1159 1381 1244 1445; x_wconf 89' lang='lat' dir='ltr'><strong>oileu</strong></span> <span class='ocrx_word' id='word_1_87' title='bbox 1265 1414 1291 1435; x_wconf 68' lang='grc' dir='ltr'><strong>..ι</strong></span> 
     </span>
     <span class='ocr_line' id='line_1_13' title="bbox 318 1463 1294 1550; baseline -0.004 -24"><span class='ocrx_word' id='word_1_88' title='bbox 318 1463 475 1546; x_wconf 84' lang='lat' dir='ltr'><strong>subjecit:</strong></span> <span class='ocrx_word' id='word_1_89' title='bbox 505 1465 559 1526; x_wconf 85' lang='lat' dir='ltr'><strong>Sed</strong></span> <span class='ocrx_word' id='word_1_90' title='bbox 581 1465 879 1550; x_wconf 71' lang='lat' dir='ltr'><strong>apor·tet‚&#39;Qirites‚</strong></span> <span class='ocrx_word' id='word_1_91' title='bbox 907 1471 1079 1546; x_wconf 72' lang='lat' dir='ltr'><strong>existimare,</strong></span> <span class='ocrx_word' id='word_1_92' title='bbox 1102 1467 1230 1528; x_wconf 82' lang='lat' dir='ltr'><strong>Deorum</strong></span> <span class='ocrx_word' id='word_1_93' title='bbox 1246 1469 1294 1524; x_wconf 75' lang='lat' dir='ltr'><strong>tan</strong></span> 
     </span>
     <span class='ocr_line' id='line_1_14' title="bbox 312 1545 1294 1630; baseline -0.001 -24"><span class='ocrx_word' id='word_1_94' title='bbox 312 1552 406 1628; x_wconf 77' lang='lat' dir='ltr'><strong>potius</strong></span> <span class='ocrx_word' id='word_1_95' title='bbox 426 1547 574 1620; x_wconf 82' lang='lat' dir='ltr'><strong>iuvidiam,</strong></span> <span class='ocrx_word' id='word_1_96' title='bbox 595 1567 677 1628; x_wconf 87' lang='lat' dir='ltr'><strong>quam</strong></span> <span class='ocrx_word' id='word_1_97' title='bbox 696 1545 854 1608; x_wconf 82' lang='lat' dir='ltr'><em>mortalium</em></span> <span class='ocrx_word' id='word_1_98' title='bbox 865 1547 976 1630; x_wconf 80' lang='lat' dir='ltr'><strong>fhcrum</strong></span> <span class='ocrx_word' id='word_1_99' title='bbox 987 1547 1092 1630; x_wconf 82' lang='lat' dir='ltr'><strong>fuiffe:</strong></span> <span class='ocrx_word' id='word_1_100' title='bbox 1124 1552 1256 1630; x_wconf 76' lang='lat' dir='ltr'><strong>magisque</strong></span> <span class='ocrx_word' id='word_1_101' title='bbox 1272 1547 1294 1606; x_wconf 78' lang='grc' dir='ltr'><strong>α’-</strong></span> 
     </span>
     <span class='ocr_line' id='line_1_15' title="bbox 311 1627 1293 1712; baseline -0.001 -25"><span class='ocrx_word' id='word_1_102' title='bbox 311 1627 518 1711; x_wconf 83' lang='lat' dir='ltr'><strong>praasrutibus,</strong></span> <span class='ocrx_word' id='word_1_103' title='bbox 550 1649 630 1710; x_wconf 83' lang='lat' dir='ltr'><strong>qaam</strong></span> <span class='ocrx_word' id='word_1_104' title='bbox 651 1633 827 1711; x_wconf 83' lang='lat' dir='ltr'><strong>praeteritis,</strong></span> <span class='ocrx_word' id='word_1_105' title='bbox 860 1627 911 1712; x_wconf 75' lang='lat' dir='ltr'><strong>effe</strong></span> <span class='ocrx_word' id='word_1_106' title='bbox 931 1627 1078 1712; x_wconf 70' lang='lat' dir='ltr'><strong>firllicins.</strong></span> <span class='ocrx_word' id='word_1_107' title='bbox 1121 1649 1219 1712; x_wconf 81' lang='lat' dir='ltr'><strong>magua</strong></span> <span class='ocrx_word' id='word_1_108' title='bbox 1243 1633 1293 1687; x_wconf 84' lang='lat' dir='ltr'><strong>er&#39;</strong></span> 
     </span>
     <span class='ocr_line' id='line_1_16' title="bbox 314 1707 1288 1792; baseline -0.002 -24"><span class='ocrx_word' id='word_1_109' title='bbox 314 1731 363 1772; x_wconf 87' lang='lat' dir='ltr'><strong>uos</strong></span> <span class='ocrx_word' id='word_1_110' title='bbox 379 1711 501 1792; x_wconf 77' lang='lat' dir='ltr'><strong>pericula</strong></span> <span class='ocrx_word' id='word_1_111' title='bbox 520 1711 712 1790; x_wconf 81' lang='lat' dir='ltr'><strong>circumstant,</strong></span> <span class='ocrx_word' id='word_1_112' title='bbox 745 1729 790 1784; x_wconf 84' lang='lat' dir='ltr'><strong>et,</strong></span> <span class='ocrx_word' id='word_1_113' title='bbox 813 1707 844 1788; x_wconf 69' lang='lat' dir='ltr'><strong><em>fi</em></strong></span> <span class='ocrx_word' id='word_1_114' title='bbox 859 1716 961 1772; x_wconf 79' lang='lat' dir='ltr'><strong>imum</strong></span> <span class='ocrx_word' id='word_1_115' title='bbox 980 1712 1210 1779; x_wconf 67' lang='lat' dir='ltr'><strong>rearmatur,</strong></span> <span class='ocrx_word' id='word_1_116' title='bbox 1229 1713 1288 1768; x_wconf 81' lang='lat' dir='ltr'><strong>ourtt&#39;</strong></span> 
     </span>
     <span class='ocr_line' id='line_1_17' title="bbox 314 1789 1291 1878; baseline 0.001 -28"><span class='ocrx_word' id='word_1_117' title='bbox 314 1793 420 1874; x_wconf 82' lang='lat' dir='ltr'><strong>reliqua</strong></span> <span class='ocrx_word' id='word_1_118' title='bbox 440 1791 569 1853; x_wconf 77' lang='lat' dir='ltr'><em>nobilitas</em></span> <span class='ocrx_word' id='word_1_119' title='bbox 588 1797 684 1873; x_wconf 81' lang='lat' dir='ltr'><strong>periit.</strong></span> <span class='ocrx_word' id='word_1_120' title='bbox 734 1789 823 1876; x_wconf 70' lang='lat' dir='ltr'><strong>Qud</strong></span> <span class='ocrx_word' id='word_1_121' title='bbox 840 1796 929 1878; x_wconf 81' lang='lat' dir='ltr'><strong>igitur</strong></span> <span class='ocrx_word' id='word_1_122' title='bbox 939 1790 1080 1877; x_wconf 80' lang='lat' dir='ltr'><strong>fiaperejl,</strong></span> <span class='ocrx_word' id='word_1_123' title='bbox 1101 1789 1175 1866; x_wconf 71' lang='lat' dir='ltr'><strong>batte</strong></span> <span class='ocrx_word' id='word_1_124' title='bbox 1190 1791 1291 1852; x_wconf 78' lang='lat' dir='ltr'><strong>Denta</strong></span> 
     </span>
     <span class='ocr_line' id='line_1_18' title="bbox 313 1873 1286 1958; baseline -0.005 -23"><span class='ocrx_word' id='word_1_125' title='bbox 313 1895 425 1936; x_wconf 81' lang='lat' dir='ltr'><strong>rtumero</strong></span> <span class='ocrx_word' id='word_1_126' title='bbox 445 1873 612 1956; x_wconf 79' lang='lat' dir='ltr'><strong>adscriptum</strong></span> <span class='ocrx_word' id='word_1_127' title='bbox 631 1874 767 1952; x_wconf 64' lang='lat' dir='ltr'><strong>dellittata</strong></span> <span class='ocrx_word' id='word_1_128' title='bbox 785 1893 881 1958; x_wconf 81' lang='lat' dir='ltr'><strong>pompa</strong></span> <span class='ocrx_word' id='word_1_129' title='bbox 901 1875 1082 1950; x_wconf 81' lang='lat' dir='ltr'><em>deducamus,</em></span> <span class='ocrx_word' id='word_1_130' title='bbox 1109 1873 1209 1938; x_wconf 80' lang='lat' dir='ltr'><strong>laudes</strong></span> <span class='ocrx_word' id='word_1_131' title='bbox 1228 1873 1286 1932; x_wconf 74' lang='lat' dir='ltr'><strong>latri</strong></span> 
     </span>
     <span class='ocr_line' id='line_1_19' title="bbox 313 1955 750 2039; baseline 0.002 -23"><span class='ocrx_word' id='word_1_132' title='bbox 313 1975 421 2039; x_wconf 82' lang='lat' dir='ltr'><strong>masque</strong></span> <span class='ocrx_word' id='word_1_133' title='bbox 439 1955 544 2017; x_wconf 73' lang='lat' dir='ltr'><strong>detrun</strong></span> <span class='ocrx_word' id='word_1_134' title='bbox 561 1955 750 2039; x_wconf 63' lang='lat' dir='ltr'><strong>perficienda.</strong></span> 
     </span>
    </p>
   </div>
   <div class='ocr_carea' id='block_1_4' title="bbox 137 2075 1294 2982">
    <p class='ocr_par' dir='ltr' id='par_1_4' title="bbox 137 2075 1294 2328">
     <span class='ocr_line' id='line_1_20' title="bbox 137 2075 1271 2166; baseline -0.005 -24"><span class='ocrx_word' id='word_1_135' title='bbox 137 2093 299 2164; x_wconf 69' lang='lat' dir='ltr'><strong>Easacam,</strong></span> <span class='ocrx_word' id='word_1_136' title='bbox 375 2076 456 2144; x_wconf 77' lang='lat' dir='ltr'><strong>cvl.</strong></span> <span class='ocrx_word' id='word_1_137' title='bbox 492 2078 582 2141; x_wconf 85' lang='lat' dir='ltr'><strong>Haec</strong></span> <span class='ocrx_word' id='word_1_138' title='bbox 603 2079 774 2163; x_wconf 81' lang='lat' dir='ltr'>loquutus,</span> <span class='ocrx_word' id='word_1_139' title='bbox 808 2075 895 2142; x_wconf 81' lang='lat' dir='ltr'><strong>velle</strong></span> <span class='ocrx_word' id='word_1_140' title='bbox 918 2079 1035 2166; x_wconf 88' lang='lat' dir='ltr'><strong>raptim</strong></span> <span class='ocrx_word' id='word_1_141' title='bbox 1061 2099 1155 2142; x_wconf 86' lang='lat' dir='ltr'><strong>more</strong></span> <span class='ocrx_word' id='word_1_142' title='bbox 1181 2077 1271 2141; x_wconf 83' lang='lat' dir='ltr'><strong>sanati</strong></span> 
     </span>
     <span class='ocr_line' id='line_1_21' title="bbox 312 2157 1294 2247; baseline -0.006 -23"><span class='ocrx_word' id='word_1_143' title='bbox 312 2157 477 2242; x_wconf 83' lang='lat' dir='ltr'><strong>cujusdam</strong></span> <span class='ocrx_word' id='word_1_144' title='bbox 497 2161 672 2234; x_wconf 88' lang='lat' dir='ltr'><strong>subducta,</strong></span> <span class='ocrx_word' id='word_1_145' title='bbox 696 2161 835 2223; x_wconf 82' lang='lat' dir='ltr'><strong>accinxit</strong></span> <span class='ocrx_word' id='word_1_146' title='bbox 855 2182 941 2234; x_wconf 86' lang='lat' dir='ltr'><strong>sese,</strong></span> <span class='ocrx_word' id='word_1_147' title='bbox 965 2163 1150 2247; x_wconf 86' lang='lat' dir='ltr'><strong>lectumque</strong></span> <span class='ocrx_word' id='word_1_148' title='bbox 1176 2159 1294 2223; x_wconf 86' lang='lat' dir='ltr'><strong>aubind</strong></span> 
     </span>
     <span class='ocr_line' id='line_1_22' title="bbox 313 2241 1287 2328; baseline -0.004 -24"><span class='ocrx_word' id='word_1_149' title='bbox 313 2245 465 2328; x_wconf 79' lang='lat' dir='ltr'><strong>aperiens</strong></span> <span class='ocrx_word' id='word_1_150' title='bbox 484 2257 517 2305; x_wconf 90' lang='lat' dir='ltr'><strong>ct</strong></span> <span class='ocrx_word' id='word_1_151' title='bbox 534 2241 769 2326; x_wconf 78' lang='lat' dir='ltr'><strong>introspiciens</strong></span> <span class='ocrx_word' id='word_1_152' title='bbox 789 2243 887 2305; x_wconf 90' lang='lat' dir='ltr'><strong>multa</strong></span> <span class='ocrx_word' id='word_1_153' title='bbox 906 2245 1114 2328; x_wconf 81' lang='lat' dir='ltr'>querebatur.</span> <span class='ocrx_word' id='word_1_154' title='bbox 1137 2241 1287 2328; x_wconf 84' lang='lat' dir='ltr'><strong>postremo</strong></span> 
     </span>
    </p>

    <p class='ocr_par' dir='ltr' id='par_1_5' title="bbox 283 2322 1293 2574">
     <span class='ocr_line' id='line_1_23' title="bbox 283 2322 1293 2466; baseline -0.004 -80"><span class='ocrx_word' id='word_1_155' title='bbox 283 2335 286 2342; x_wconf 81' lang='grc'>’</span> <span class='ocrx_word' id='word_1_156' title='bbox 313 2325 591 2410; x_wconf 81' lang='lat' dir='ltr'><strong>sanguinolentam</strong></span> <span class='ocrx_word' id='word_1_157' title='bbox 610 2325 760 2388; x_wconf 76' lang='lat' dir='ltr'><strong>Caesaris</strong></span> <span class='ocrx_word' id='word_1_158' title='bbox 781 2322 897 2388; x_wconf 86' lang='lat' dir='ltr'><strong>vellem</strong></span> <span class='ocrx_word' id='word_1_159' title='bbox 917 2340 1015 2388; x_wconf 92' lang='lat' dir='ltr'><strong>conto</strong></span> <span class='ocrx_word' id='word_1_160' title='bbox 1034 2326 1193 2388; x_wconf 86' lang='lat' dir='ltr'><strong>sublatam</strong></span> <span class='ocrx_word' id='word_1_161' title='bbox 1210 2325 1293 2466; x_wconf 71' lang='lat' dir='ltr'><strong>expli·</strong></span> 
     </span>
     <span class='ocr_line' id='line_1_24' title="bbox 313 2407 1273 2492; baseline -0.002 -24"><span class='ocrx_word' id='word_1_162' title='bbox 313 2427 406 2487; x_wconf 80' lang='lat' dir='ltr'><strong>cans,</strong></span> <span class='ocrx_word' id='word_1_163' title='bbox 443 2407 673 2492; x_wconf 77' lang='lat' dir='ltr'><strong>indignamque</strong></span> <span class='ocrx_word' id='word_1_164' title='bbox 698 2407 764 2470; x_wconf 83' lang='lat' dir='ltr'><strong>viri</strong></span> <span class='ocrx_word' id='word_1_165' title='bbox 788 2428 903 2470; x_wconf 83' lang='lat' dir='ltr'><strong>necem</strong></span> <span class='ocrx_word' id='word_1_166' title='bbox 926 2409 1121 2480; x_wconf 84' lang='lat' dir='ltr'><strong>miseratus,</strong></span> <span class='ocrx_word' id='word_1_167' title='bbox 1155 2429 1273 2492; x_wconf 85' lang='lat' dir='ltr'><strong>popuu</strong></span> 
     </span>
     <span class='ocr_line' id='line_1_25' title="bbox 311 2485 1292 2574; baseline -0.003 -24"><span class='ocrx_word' id='word_1_168' title='bbox 311 2485 414 2550; x_wconf 84' lang='lat' dir='ltr'><strong>veluti</strong></span> <span class='ocrx_word' id='word_1_169' title='bbox 434 2489 547 2550; x_wconf 85' lang='lat' dir='ltr'><strong>furore</strong></span> <span class='ocrx_word' id='word_1_170' title='bbox 567 2489 705 2574; x_wconf 92' lang='lat' dir='ltr'><strong>quodam</strong></span> <span class='ocrx_word' id='word_1_171' title='bbox 724 2487 944 2552; x_wconf 83' lang='lat' dir='ltr'><strong>inflammarit.</strong></span> <span class='ocrx_word' id='word_1_172' title='bbox 987 2489 1205 2552; x_wconf 83' lang='lat' dir='ltr'><strong>Adcellerunt</strong></span> <span class='ocrx_word' id='word_1_173' title='bbox 1221 2489 1292 2549; x_wconf 82' lang='lat' dir='ltr'><strong>deiu-</strong></span> 
     </span>
    </p>

    <p class='ocr_par' dir='ltr' id='par_1_6' title="bbox 193 2570 1292 2982">
     <span class='ocr_line' id='line_1_26' title="bbox 207 2570 1292 2673; baseline -0.009 -35"><span class='ocrx_word' id='word_1_174' title='bbox 207 2629 212 2638; x_wconf 94' lang='lat'>.</span> <span class='ocrx_word' id='word_1_175' title='bbox 312 2570 353 2634; x_wconf 91' lang='lat' dir='ltr'><strong>dc</strong></span> <span class='ocrx_word' id='word_1_176' title='bbox 368 2571 466 2634; x_wconf 68' lang='lat' dir='ltr'><strong>‘iute‘r</strong></span> <span class='ocrx_word' id='word_1_177' title='bbox 492 2570 587 2632; x_wconf 89' lang='lat' dir='ltr'><strong>ludos</strong></span> <span class='ocrx_word' id='word_1_178' title='bbox 612 2592 652 2632; x_wconf 87' lang='lat' dir='ltr'><strong>ex</strong></span> <span class='ocrx_word' id='word_1_179' title='bbox 673 2571 781 2654; x_wconf 78' lang='lat' dir='ltr'><strong>poetis</strong></span> <span class='ocrx_word' id='word_1_180' title='bbox 805 2571 1068 2634; x_wconf 74' lang='lat' dir='ltr'><strong>adcommodatae</strong></span> <span class='ocrx_word' id='word_1_181' title='bbox 1091 2571 1130 2632; x_wconf 88' lang='lat' dir='ltr'><strong>ad</strong></span> <span class='ocrx_word' id='word_1_182' title='bbox 1151 2571 1238 2632; x_wconf 85' lang='lat' dir='ltr'><strong>hunc</strong></span> <span class='ocrx_word' id='word_1_183' title='bbox 1257 2591 1292 2673; x_wconf 48' lang='lat' dir='ltr'><strong>rap</strong></span> 
     </span>
     <span class='ocr_line' id='line_1_27' title="bbox 193 2652 1291 2737; baseline -0.004 -23"><span class='ocrx_word' id='word_1_184' title='bbox 193 2669 198 2678; x_wconf 93' lang='grc'><strong>’</strong></span> <span class='ocrx_word' id='word_1_185' title='bbox 275 2681 277 2697; x_wconf 55' lang='grc' dir='ltr'>ν</span> <span class='ocrx_word' id='word_1_186' title='bbox 312 2673 381 2714; x_wconf 87' lang='lat' dir='ltr'><strong>sum</strong></span> <span class='ocrx_word' id='word_1_187' title='bbox 402 2673 520 2730; x_wconf 84' lang='lat' dir='ltr'><strong>voces3</strong></span> <span class='ocrx_word' id='word_1_188' title='bbox 551 2652 756 2737; x_wconf 81' lang='lat' dir='ltr'><strong>mirificeque</strong></span> <span class='ocrx_word' id='word_1_189' title='bbox 776 2655 1095 2716; x_wconf 85' lang='lat' dir='ltr'><strong>commovitanimos</strong></span> <span class='ocrx_word' id='word_1_190' title='bbox 1116 2653 1291 2715; x_wconf 75' lang='lat' dir='ltr'><strong>illudaPa·</strong></span> 
     </span>
     <span class='ocr_line' id='line_1_28' title="bbox 312 2725 1291 2878; baseline -0.002 -82"><span class='ocrx_word' id='word_1_191' title='bbox 312 2732 427 2796; x_wconf 67' lang='lat' dir='ltr'><strong>curlus</strong></span> <span class='ocrx_word' id='word_1_192' title='bbox 461 2735 541 2796; x_wconf 71' lang='lat' dir='ltr'><strong>Meu*</strong></span> <span class='ocrx_word' id='word_1_193' title='bbox 553 2733 690 2816; x_wconf 73' lang='lat' dir='ltr'><strong>seruuffe,</strong></span> <span class='ocrx_word' id='word_1_194' title='bbox 715 2753 747 2796; x_wconf 81' lang='lat' dir='ltr'><strong>ut</strong></span> <span class='ocrx_word' id='word_1_195' title='bbox 766 2733 866 2816; x_wconf 72' lang='lat' dir='ltr'><strong>affert,</strong></span> <span class='ocrx_word' id='word_1_196' title='bbox 895 2739 943 2816; x_wconf 84' lang='lat' dir='ltr'><strong>qui</strong></span> <span class='ocrx_word' id='word_1_197' title='bbox 961 2758 1002 2795; x_wconf 87' lang='lat' dir='ltr'><strong>me</strong></span> <span class='ocrx_word' id='word_1_198' title='bbox 1018 2737 1194 2816; x_wconf 81' lang='lat' dir='ltr'><strong>perderent!</strong></span> <span class='ocrx_word' id='word_1_199' title='bbox 1224 2725 1291 2878; x_wconf 48' lang='lat' dir='ltr'><strong>quop</strong></span> 
     </span>
     <span class='ocr_line' id='line_1_29' title="bbox 311 2813 1280 2902; baseline 0 -27"><span class='ocrx_word' id='word_1_200' title='bbox 311 2813 560 2879; x_wconf 86' lang='lat' dir='ltr'><strong>interfectorum</strong></span> <span class='ocrx_word' id='word_1_201' title='bbox 581 2817 752 2901; x_wconf 87' lang='lat' dir='ltr'><strong>plerique,</strong></span> <span class='ocrx_word' id='word_1_202' title='bbox 780 2839 879 2900; x_wconf 89' lang='lat' dir='ltr'><strong>quum</strong></span> <span class='ocrx_word' id='word_1_203' title='bbox 901 2817 1034 2880; x_wconf 81' lang='lat' dir='ltr'><strong>iuill&#39;cnt</strong></span> <span class='ocrx_word' id='word_1_204' title='bbox 1052 2819 1086 2878; x_wconf 90' lang='lat' dir='ltr'><strong>in</strong></span> <span class='ocrx_word' id='word_1_205' title='bbox 1099 2817 1280 2902; x_wconf 72' lang='lat' dir='ltr'><strong>Pompeiani</strong></span> 
     </span>
     <span class='ocr_line' id='line_1_30' title="bbox 246 2899 1290 2982; baseline -0.002 -22"><span class='ocrx_word' id='word_1_206' title='bbox 246 2935 249 2948; x_wconf 67' lang='grc' dir='ltr'>ι</span> <span class='ocrx_word' id='word_1_207' title='bbox 286 2900 475 2981; x_wconf 84' lang='lat' dir='ltr'><strong>partibus,</strong></span> <span class='ocrx_word' id='word_1_208' title='bbox 508 2902 657 2962; x_wconf 83' lang='lat' dir='ltr'><strong>Caesaris</strong></span> <span class='ocrx_word' id='word_1_209' title='bbox 686 2899 850 2969; x_wconf 83' lang='lat' dir='ltr'><strong>beneficio</strong></span> <span class='ocrx_word' id='word_1_210' title='bbox 874 2921 939 2962; x_wconf 92' lang='lat' dir='ltr'><strong>non</strong></span> <span class='ocrx_word' id='word_1_211' title='bbox 962 2902 1059 2964; x_wconf 83' lang='lat' dir='ltr'><strong>vitam</strong></span> <span class='ocrx_word' id='word_1_212' title='bbox 1083 2899 1184 2962; x_wconf 88' lang='lat' dir='ltr'><strong>modo</strong></span> <span class='ocrx_word' id='word_1_213' title='bbox 1206 2901 1290 2982; x_wconf 60' lang='lat' dir='ltr'><strong>sonu,</strong></span> 
     </span>
    </p>
   </div>
   <div class='ocr_carea' id='block_1_5' title="bbox 221 2982 1208 3067">
    <p class='ocr_par' dir='ltr' id='par_1_7' title="bbox 221 2982 1208 3067">
     <span class='ocr_line' id='line_1_31' title="bbox 221 2982 1208 3067; baseline 0.004 -27"><span class='ocrx_word' id='word_1_214' title='bbox 221 2985 223 2990; x_wconf 87' lang='lat'>&#39;</span> <span class='ocrx_word' id='word_1_215' title='bbox 311 2997 433 3065; x_wconf 77' lang='lat' dir='ltr'><strong>tiaeque</strong></span> <span class='ocrx_word' id='word_1_216' title='bbox 449 3001 543 3054; x_wconf 81' lang='lat' dir='ltr'><strong>suaa,</strong></span> <span class='ocrx_word' id='word_1_217' title='bbox 568 2982 739 3044; x_wconf 88' lang='lat' dir='ltr'><strong>sedetiam</strong></span> <span class='ocrx_word' id='word_1_218' title='bbox 756 2983 968 3067; x_wconf 79' lang='lat' dir='ltr'><strong>dignitatem,</strong></span> <span class='ocrx_word' id='word_1_219' title='bbox 990 2984 1208 3046; x_wconf 86' lang='lat' dir='ltr'><strong>retinuerant.</strong></span> 
     </span>
    </p>
   </div>
   <div class='ocr_carea' id='block_1_6' title="bbox 117 3093 1289 3602">
    <p class='ocr_par' dir='ltr' id='par_1_8' title="bbox 117 3093 1289 3602">
     <span class='ocr_line' id='line_1_32' title="bbox 126 3093 1289 3192; baseline -0.003 -25"><span class='ocrx_word' id='word_1_220' title='bbox 126 3093 310 3168; x_wconf 61' lang='lat' dir='ltr'><strong>structarum·</strong></span> <span class='ocrx_word' id='word_1_221' title='bbox 373 3103 468 3167; x_wconf 84' lang='lat' dir='ltr'><strong>cvn.</strong></span> <span class='ocrx_word' id='word_1_222' title='bbox 499 3107 553 3170; x_wconf 87' lang='lat' dir='ltr'><strong>Sic</strong></span> <span class='ocrx_word' id='word_1_223' title='bbox 573 3103 720 3169; x_wconf 84' lang='lat' dir='ltr'><strong>adiectos</strong></span> <span class='ocrx_word' id='word_1_224' title='bbox 742 3127 825 3167; x_wconf 91' lang='lat' dir='ltr'><strong>nora</strong></span> <span class='ocrx_word' id='word_1_225' title='bbox 846 3107 941 3168; x_wconf 86' lang='lat' dir='ltr'><strong>ctiam</strong></span> <span class='ocrx_word' id='word_1_226' title='bbox 965 3107 1094 3192; x_wconf 73' lang='lat' dir='ltr'><strong>species</strong></span> <span class='ocrx_word' id='word_1_227' title='bbox 1116 3103 1239 3186; x_wconf 89' lang='lat' dir='ltr'><strong>adjecta</strong></span> <span class='ocrx_word' id='word_1_228' title='bbox 1257 3099 1289 3186; x_wconf 68' lang='lat' dir='ltr'><strong>inl</strong></span> 
     </span>
     <span class='ocr_line' id='line_1_33' title="bbox 119 3185 1288 3272; baseline -0.001 -25"><span class='ocrx_word' id='word_1_229' title='bbox 119 3185 248 3239; x_wconf 73' lang='lat' dir='ltr'><strong>Caesaris</strong></span> <span class='ocrx_word' id='word_1_230' title='bbox 266 3199 299 3236; x_wconf 65' lang='grc' dir='ltr'><strong>’τ</strong></span> <span class='ocrx_word' id='word_1_231' title='bbox 313 3189 459 3248; x_wconf 82' lang='lat' dir='ltr'><strong>saniores</strong></span> <span class='ocrx_word' id='word_1_232' title='bbox 481 3187 571 3249; x_wconf 88' lang='lat' dir='ltr'><strong>lecit.</strong></span> <span class='ocrx_word' id='word_1_233' title='bbox 615 3189 680 3250; x_wconf 92' lang='lat' dir='ltr'><strong>Cor</strong></span> <span class='ocrx_word' id='word_1_234' title='bbox 705 3205 742 3249; x_wconf 88' lang='lat' dir='ltr'><strong>ua</strong></span> <span class='ocrx_word' id='word_1_235' title='bbox 764 3189 871 3272; x_wconf 85' lang='lat' dir='ltr'><strong>ipsum</strong></span> <span class='ocrx_word' id='word_1_236' title='bbox 892 3189 925 3248; x_wconf 90' lang='lat' dir='ltr'><strong>in</strong></span> <span class='ocrx_word' id='word_1_237' title='bbox 942 3191 1030 3254; x_wconf 87' lang='lat' dir='ltr'><strong>lecto</strong></span> <span class='ocrx_word' id='word_1_238' title='bbox 1049 3188 1159 3268; x_wconf 89' lang='lat' dir='ltr'><strong>jacens</strong></span> <span class='ocrx_word' id='word_1_239' title='bbox 1179 3187 1288 3268; x_wconf 82' lang='lat' dir='ltr'><strong>conspi-</strong></span> 
     </span>
     <span class='ocr_line' id='line_1_34' title="bbox 117 3211 1288 3354; baseline -0.005 -20"><span class='ocrx_word' id='word_1_240' title='bbox 117 3268 189 3306; x_wconf 62' lang='grc' dir='ltr'><strong>Μ·</strong></span> <span class='ocrx_word' id='word_1_241' title='bbox 313 3271 435 3334; x_wconf 85' lang='lat' dir='ltr'><strong>cinon</strong></span> <span class='ocrx_word' id='word_1_242' title='bbox 462 3282 601 3354; x_wconf 86' lang='lat' dir='ltr'><strong>poterat.</strong></span> <span class='ocrx_word' id='word_1_243' title='bbox 639 3211 702 3333; x_wconf 71' lang='lat' dir='ltr'><strong>sed</strong></span> <span class='ocrx_word' id='word_1_244' title='bbox 720 3271 945 3344; x_wconf 82' lang='lat' dir='ltr'><strong>simulacrum,</strong></span> <span class='ocrx_word' id='word_1_245' title='bbox 978 3289 1113 3334; x_wconf 82' lang='lat' dir='ltr'><strong>extera</strong></span> <span class='ocrx_word' id='word_1_246' title='bbox 1137 3269 1288 3332; x_wconf 72' lang='lat' dir='ltr'><strong>conlictu&#39;</strong></span> 
     </span>
     <span class='ocr_line' id='line_1_35' title="bbox 118 3349 1275 3436; baseline -0.002 -23"><span class='ocrx_word' id='word_1_247' title='bbox 118 3362 121 3372; x_wconf 82' lang='lat'>&#39;</span> <span class='ocrx_word' id='word_1_248' title='bbox 336 3354 384 3413; x_wconf 88' lang='lat' dir='ltr'><strong>ari</strong></span> <span class='ocrx_word' id='word_1_249' title='bbox 404 3349 643 3434; x_wconf 77' lang='lat' dir='ltr'><strong>magnitudine,</strong></span> <span class='ocrx_word' id='word_1_250' title='bbox 674 3353 819 3414; x_wconf 85' lang='lat' dir='ltr'><strong>machina</strong></span> <span class='ocrx_word' id='word_1_251' title='bbox 840 3353 975 3436; x_wconf 86' lang='lat' dir='ltr'><strong>quadam</strong></span> <span class='ocrx_word' id='word_1_252' title='bbox 998 3351 1110 3414; x_wconf 79' lang='lat' dir='ltr'><strong>extolli</strong></span> <span class='ocrx_word' id='word_1_253' title='bbox 1135 3373 1176 3414; x_wconf 85' lang='lat' dir='ltr'><strong>ex</strong></span> <span class='ocrx_word' id='word_1_254' title='bbox 1196 3352 1275 3414; x_wconf 86' lang='lat' dir='ltr'><strong>eod</strong></span> 
     </span>
     <span class='ocr_line' id='line_1_36' title="bbox 311 3377 1260 3520; baseline -0.002 -24"><span class='ocrx_word' id='word_1_255' title='bbox 311 3377 399 3497; x_wconf 82' lang='lat' dir='ltr'><strong>lecto</strong></span> <span class='ocrx_word' id='word_1_256' title='bbox 422 3434 577 3517; x_wconf 84' lang='lat' dir='ltr'><strong>poterat,-</strong></span> <span class='ocrx_word' id='word_1_257' title='bbox 608 3435 670 3496; x_wconf 89' lang='lat' dir='ltr'><strong>tria</strong></span> <span class='ocrx_word' id='word_1_258' title='bbox 696 3448 728 3496; x_wconf 90' lang='lat' dir='ltr'><strong>et</strong></span> <span class='ocrx_word' id='word_1_259' title='bbox 752 3435 870 3518; x_wconf 79' lang='lat' dir='ltr'><strong>viginti</strong></span> <span class='ocrx_word' id='word_1_260' title='bbox 897 3436 1031 3497; x_wconf 85' lang='lat' dir='ltr'><strong>vulnera</strong></span> <span class='ocrx_word' id='word_1_261' title='bbox 1056 3451 1260 3520; x_wconf 83' lang='lat' dir='ltr'><strong>repraesenta</strong></span> 
     </span>
     <span class='ocr_line' id='line_1_37' title="bbox 313 3515 1166 3602; baseline 0 -23"><span class='ocrx_word' id='word_1_262' title='bbox 313 3517 429 3579; x_wconf 87' lang='lat' dir='ltr'><strong>iisdem</strong></span> <span class='ocrx_word' id='word_1_263' title='bbox 446 3517 549 3589; x_wconf 74' lang='lat' dir='ltr'><strong>loeis,</strong></span> <span class='ocrx_word' id='word_1_264' title='bbox 574 3517 692 3601; x_wconf 85' lang='lat' dir='ltr'><strong>quibus</strong></span> <span class='ocrx_word' id='word_1_265' title='bbox 710 3517 892 3602; x_wconf 78' lang='lat' dir='ltr'><strong>perculsum</strong></span> <span class='ocrx_word' id='word_1_266' title='bbox 909 3533 1029 3602; x_wconf 82' lang='lat' dir='ltr'><strong>corpus</strong></span> <span class='ocrx_word' id='word_1_267' title='bbox 1046 3515 1166 3579; x_wconf 84' lang='lat' dir='ltr'><strong>iuerat.</strong></span> 
     </span>
    </p>
   </div>
   <div class='ocr_carea' id='block_1_7' title="bbox 120 3627 1249 3970">
    <p class='ocr_par' dir='ltr' id='par_1_9' title="bbox 120 3627 1249 3892">
     <span class='ocr_line' id='line_1_38' title="bbox 141 3627 1249 3738; baseline 0 -36"><span class='ocrx_word' id='word_1_268' title='bbox 141 3643 292 3720; x_wconf 64' lang='lat' dir='ltr'><strong>Carpesia</strong></span> <span class='ocrx_word' id='word_1_269' title='bbox 377 3636 488 3702; x_wconf 87' lang='lat' dir='ltr'><strong>CVlll.</strong></span> <span class='ocrx_word' id='word_1_270' title='bbox 518 3639 566 3700; x_wconf 89' lang='lat' dir='ltr'><strong>lbi</strong></span> <span class='ocrx_word' id='word_1_271' title='bbox 588 3655 668 3701; x_wconf 76' lang='lat' dir='ltr'><strong>uero</strong></span> <span class='ocrx_word' id='word_1_272' title='bbox 691 3661 787 3704; x_wconf 91' lang='lat' dir='ltr'><strong>nemo</strong></span> <span class='ocrx_word' id='word_1_273' title='bbox 810 3659 846 3702; x_wconf 86' lang='lat' dir='ltr'><strong>se</strong></span> <span class='ocrx_word' id='word_1_274' title='bbox 866 3643 1027 3704; x_wconf 82' lang='lat' dir='ltr'><strong>continuit</strong></span> <span class='ocrx_word' id='word_1_275' title='bbox 1049 3627 1198 3738; x_wconf 70' lang='lat' dir='ltr'><strong>amplius,</strong></span> <span class='ocrx_word' id='word_1_276' title='bbox 1230 3661 1249 3724; x_wconf 87' lang='lat' dir='ltr'><strong>p</strong></span> 
     </span>
     <span class='ocr_line' id='line_1_39' title="bbox 120 3719 1228 3804; baseline -0.001 -20"><span class='ocrx_word' id='word_1_277' title='bbox 120 3719 183 3784; x_wconf 78' lang='lat' dir='ltr'><strong>sm</strong></span> <span class='ocrx_word' id='word_1_278' title='bbox 198 3735 299 3772; x_wconf 65' lang='lat'><strong>“0¹⁸⁶-</strong></span> <span class='ocrx_word' id='word_1_279' title='bbox 314 3741 386 3784; x_wconf 89' lang='lat' dir='ltr'><strong>cum</strong></span> <span class='ocrx_word' id='word_1_280' title='bbox 407 3721 440 3782; x_wconf 93' lang='lat' dir='ltr'><strong>in</strong></span> <span class='ocrx_word' id='word_1_281' title='bbox 460 3719 635 3804; x_wconf 89' lang='lat' dir='ltr'><strong>Capitolini</strong></span> <span class='ocrx_word' id='word_1_282' title='bbox 653 3723 747 3786; x_wconf 87' lang='lat' dir='ltr'><strong>Joria</strong></span> <span class='ocrx_word' id='word_1_283' title='bbox 768 3723 849 3785; x_wconf 87' lang='lat' dir='ltr'><strong>cella</strong></span> <span class='ocrx_word' id='word_1_284' title='bbox 869 3742 1015 3786; x_wconf 88' lang='lat' dir='ltr'><strong>cremare</strong></span> <span class='ocrx_word' id='word_1_285' title='bbox 1035 3721 1228 3800; x_wconf 52' lang='lat' dir='ltr'><strong>destinabam</strong></span> 
     </span>
     <span class='ocr_line' id='line_1_40' title="bbox 125 3797 1235 3892; baseline 0.001 -27"><span class='ocrx_word' id='word_1_286' title='bbox 125 3797 183 3840; x_wconf 69' lang='lat'>⁸¹⁴¹·</span> <span class='ocrx_word' id='word_1_287' title='bbox 313 3804 404 3866; x_wconf 82' lang='lat' dir='ltr'><strong>iaces</strong></span> <span class='ocrx_word' id='word_1_288' title='bbox 429 3803 622 3886; x_wconf 76' lang='lat' dir='ltr'><strong>ingerebant</strong></span> <span class='ocrx_word' id='word_1_289' title='bbox 646 3805 776 3878; x_wconf 89' lang='lat' dir='ltr'><strong>curiae,</strong></span> <span class='ocrx_word' id='word_1_290' title='bbox 807 3803 841 3867; x_wconf 90' lang='lat' dir='ltr'><strong>in</strong></span> <span class='ocrx_word' id='word_1_291' title='bbox 867 3827 929 3890; x_wconf 83' lang='lat' dir='ltr'><strong>qua</strong></span> <span class='ocrx_word' id='word_1_292' title='bbox 955 3807 1086 3868; x_wconf 88' lang='lat' dir='ltr'><strong>occisus</strong></span> <span class='ocrx_word' id='word_1_293' title='bbox 1109 3805 1235 3892; x_wconf 82' lang='lat' dir='ltr'><strong>suerat,</strong></span> 
     </span>
    </p>

    <p class='ocr_par' dir='ltr' id='par_1_10' title="bbox 313 3887 1247 3970">
     <span class='ocr_line' id='line_1_41' title="bbox 313 3887 1247 3970; baseline -0.004 -20"><span class='ocrx_word' id='word_1_294' title='bbox 313 3906 433 3970; x_wconf 83' lang='lat' dir='ltr'><strong>corpus</strong></span> <span class='ocrx_word' id='word_1_295' title='bbox 448 3887 588 3960; x_wconf 83' lang='lat' dir='ltr'><strong>illaturi,</strong></span> <span class='ocrx_word' id='word_1_296' title='bbox 610 3887 676 3950; x_wconf 90' lang='lat' dir='ltr'><strong>nisi</strong></span> <span class='ocrx_word' id='word_1_297' title='bbox 693 3902 799 3964; x_wconf 88' lang='lat' dir='ltr'><strong>metu,</strong></span> <span class='ocrx_word' id='word_1_298' title='bbox 823 3907 865 3951; x_wconf 82' lang='lat' dir='ltr'><strong>ua</strong></span> <span class='ocrx_word' id='word_1_299' title='bbox 882 3908 944 3951; x_wconf 91' lang='lat' dir='ltr'><strong>una</strong></span> <span class='ocrx_word' id='word_1_300' title='bbox 959 3887 1121 3952; x_wconf 86' lang='lat' dir='ltr'><strong>theatrum</strong></span> <span class='ocrx_word' id='word_1_301' title='bbox 1140 3901 1247 3950; x_wconf 85' lang='lat' dir='ltr'><strong>ettam</strong></span> 
     </span>
    </p>
   </div>
   <div class='ocr_carea' id='block_1_8' title="bbox 256 4039 1258 4222">
    <p class='ocr_par' dir='ltr' id='par_1_11' title="bbox 256 4039 1258 4222">
     <span class='ocr_line' id='line_1_42' title="bbox 256 4039 1254 4156; baseline -0.001 -28"><span class='ocrx_word' id='word_1_302' title='bbox 256 4105 260 4118; x_wconf 83' lang='lat'><strong>·</strong></span> <span class='ocrx_word' id='word_1_303' title='bbox 348 4073 422 4156; x_wconf 72' lang='lat' dir='ltr'><strong>Cap·</strong></span> <span class='ocrx_word' id='word_1_304' title='bbox 436 4073 513 4130; x_wconf 86' lang='lat' dir='ltr'><strong>CVI.</strong></span> <span class='ocrx_word' id='word_1_305' title='bbox 540 4070 663 4156; x_wconf 80' lang='lat' dir='ltr'><strong>Quintil.</strong></span> <span class='ocrx_word' id='word_1_306' title='bbox 680 4075 709 4143; x_wconf 84' lang='lat'><strong>6,</strong></span> <span class='ocrx_word' id='word_1_307' title='bbox 727 4093 751 4130; x_wconf 86' lang='grc' dir='ltr'><strong>ι.</strong></span> <span class='ocrx_word' id='word_1_308' title='bbox 777 4075 854 4134; x_wconf 82' lang='lat' dir='ltr'><strong>Plut.</strong></span> <span class='ocrx_word' id='word_1_309' title='bbox 878 4076 989 4132; x_wconf 77' lang='lat' dir='ltr'><strong>Antan.</strong></span> <span class='ocrx_word' id='word_1_310' title='bbox 1007 4085 1037 4130; x_wconf 86' lang='lat' dir='ltr'><strong>et</strong></span> <span class='ocrx_word' id='word_1_311' title='bbox 1049 4039 1161 4132; x_wconf 47' lang='lat' dir='ltr'><strong>Bruto:</strong></span> <span class='ocrx_word' id='word_1_312' title='bbox 1180 4075 1254 4130; x_wconf 69' lang='lat' dir='ltr'><strong>Suet,</strong></span> 
     </span>
     <span class='ocr_line' id='line_1_43' title="bbox 312 4140 1258 4222; baseline -0.015 -10"><span class='ocrx_word' id='word_1_313' title='bbox 312 4140 443 4212; x_wconf 66' lang='lat' dir='ltr'><strong>Appen.</strong></span> <span class='ocrx_word' id='word_1_314' title='bbox 479 4144 656 4217; x_wconf 67' lang='lat' dir='ltr'><strong>oancvu.</strong></span> <span class='ocrx_word' id='word_1_315' title='bbox 676 4144 809 4222; x_wconf 68' lang='lat' dir='ltr'><strong>Appiana</strong></span> <span class='ocrx_word' id='word_1_316' title='bbox 836 4145 1034 4222; x_wconf 68' lang='lat' dir='ltr'><strong>‘Capcvllla</strong></span> <span class='ocrx_word' id='word_1_317' title='bbox 1055 4145 1182 4207; x_wconf 73' lang='lat' dir='ltr'><strong>aneton.</strong></span> <span class='ocrx_word' id='word_1_318' title='bbox 1196 4146 1258 4202; x_wconf 79' lang='lat' dir='ltr'><strong>etlt</strong></span> 
     </span>
    </p>
   </div>
   <div class='ocr_carea' id='block_1_9' title="bbox 313 4207 444 4304">
    <p class='ocr_par' dir='ltr' id='par_1_12' title="bbox 313 4207 444 4304">
     <span class='ocr_line' id='line_1_44' title="bbox 313 4207 444 4304; baseline 0.031 -41"><span class='ocrx_word' id='word_1_319' title='bbox 313 4207 444 4304; x_wconf 49' lang='lat' dir='ltr'><strong>nuptan-</strong></span> 
     </span>
    </p>
   </div>
   <div class='ocr_carea' id='block_1_10' title="bbox 0 0 1298 4688">
    <p class='ocr_par' dir='ltr' id='par_1_13' title="bbox 0 0 1298 4688">
     <span class='ocr_line' id='line_1_45' title="bbox 0 0 1298 4688; baseline 0 2"><span class='ocrx_word' id='word_1_320' title='bbox 0 0 1298 4688; x_wconf 95' lang='lat' dir='ltr'><strong> </strong></span> 
     </span>
    </p>
   </div>
  </div>
 </body>
</html>
