2654 4682
295 281 335 360 n
389 253 1297 342 rnsmsn.·sunntnsmnronunnm.nxxv.

153 482 283 556 ·,trn⁰³·
294 483 371 568 strae.
420 485 520 547 Urrlrr
541 480 636 564 caoffl.
644 477 684 564 fis
702 501 734 544 ur
753 485 834 555 rior,
861 495 947 561 reque
960 477 992 561 se
1012 483 1154 560 inquirere
1172 471 1323 558 esriofi

154 553 215 630 ecl
228 558 278 624 dd·
296 587 383 648 neque
407 584 549 628 rasurum
578 585 672 627 rerum
712 621 713 624 ,
745 567 816 626 ,ἠνία
836 579 968 644 peragere
987 579 1023 643 po
1046 583 1070 622 e.
1113 561 1216 644 Igitur
1253 575 1312 642 pa

293 652 438 731 utrimque
446 650 538 728 jure,
558 647 671 728 paribus
688 641 841 725 brruficiis,
863 665 928 706 eser
944 649 1007 704 terli
1029 664 1057 704 er
1068 647 1213 722 internus,
1244 646 1290 724 ¹ei

179 779 184 784 .
295 729 402 792 aditum
419 734 449 794 iu
465 729 561 792 urbem
570 729 670 812 suem,
698 728 875 809 brumaeque
888 745 918 788 er
931 723 1062 806 beneficia,
1074 725 1202 808 deferre.
1266 725 1317 786 Se

152 890 156 900 Ι
262 826 264 834 ’
295 832 426 876 turnum
442 811 560 872 duorum
576 829 671 874 corrrra
686 809 939 894 alterurnjuvare,
961 811 1179 892 oppidoque‚rur
1196 825 1323 890 portu

127 907 200 991 .““’
297 894 348 957 bus
365 898 496 976 recipere.
1003 911 1007 920 ·

129 994 168 1094 e.
186 1037 279 1094 Dent·
358 1027 414 1092 nt.
446 1029 519 1092 Non
545 1039 615 1088 erat
643 1021 783 1088 difficile
807 1023 949 1093 sentire,
973 1020 1132 1086 ,Caesaris
1153 1021 1296 1100 animu
1311 1052 1326 1075 =¹

116 1111 186 1162 25¹⁰·
210 1107 274 1162 'iu'-
297 1109 362 1172 hoc
383 1127 545 1194 responso
570 1105 708 1171 mirifice
731 1091 892 1170 oflen'snm
912 1092 1026 1182 inille,
1059 1123 1327 1196 nequeaequ

16 1183 20 1192 ’
115 1179 227 1248 pianr.
296 1193 406 1254 animo
422 1191 601 1276 paliurum,
628 1187 758 1250 excludi
778 1209 814 1250 se
833 1185 989 1258 Mallilie,
1011 1186 1065 1247 cui
1080 1201 1178 1272 caput
1194 1201 1318 1250 terra

296 1294 368 1338 rum
383 1275 485 1336 Roma
502 1273 663 1356 patuillet.
686 1272 788 1356 Igitur
804 1269 868 1332 hoc
886 1283 985 1340 metu,
1010 1281 1043 1330 et
1063 1270 1138 1352 qnia
1156 1271 1315 1354 peonio

296 1375 361 1418 nes.
380 1355 415 1416 in
437 1353 628 1440 Pompeium
655 1366 766 1424 erant,
795 1355 832 1414 L.
855 1350 1037 1412 Domitium
1065 1350 1281 1414 advenient
1304 1388 1312 1407 .

237 1466 253 1514 Α
295 1437 477 1521 recipiunt,
500 1437 640 1520 urbique
660 1432 872 1520 praeficiunt:
894 1434 1059 1496 onerarias
1079 1455 1196 1506 naues,
1224 1457 1326 1519 qua

297 1519 421 1604 ubique
445 1519 590 1603 poliunt,
621 1529 775 1601 'exceptas
803 1519 836 1576 in
862 1528 976 1599 portus
1003 1535 1080 1577 suos
1106 1515 1306 1580 deducunt

225 1639 228 1650 =
296 1601 496 1665 frumentum
525 1601 558 1662 in
583 1599 749 1684 publicum
774 1597 966 1668 conferunt,
998 1597 1142 1680 reliquas
1164 1619 1326 1662 merce

125 1691 286 1747 Obsidenrur
297 1683 492 1746 recondunt.
535 1687 625 1766 Ergo
645 1683 774 1752 Caesar,
797 1681 903 1742 tribus
924 1677 1072 1742 adductis
1092 1680 1314 1765 legionibus

100 1761 269 1818 sconart·
296 1764 412 1836 urbem
432 1763 582 1836 obsidet,
605 1777 714 1826 turres
733 1764 847 1826 vineas
872 1781 913 1828 ue
934 1779 1033 1842 agere
1053 1759 1210 1842 instituit:
1250 1785 1307 1824 na

296 1867 355 1923 yes
375 1847 489 1930 longas
512 1845 686 1920 duodecim
703 1845 836 1910 Arelate
850 1783 930 1906 ‘dori
951 1843 1101 1927 imperat.
1134 1843 1189 1908 his
1212 1846 1317 1907 intr·

295 1929 499 1998 tricesimum
517 1927 620 1998 diem,
644 1949 739 2013 quani
758 1945 851 1990 ssesn
871 1925 1007 1988 materis
1023 1925 1148 2004 fuerat,
1178 1927 1306 1991 aedifi

273 2009 378 2077 ··cstis
397 2010 594 2094 armatisque
612 2011 654 2074 D.
669 2010 805 2074 Brutum
824 2005 986 2092 praeficit.

355 2143 397 2206 X.
419 2143 498 2204 Erat
515 2139 602 2202 haud
619 2143 737 2224 procul
756 2142 859 2204 muris
878 2142 1038 2215 tumulus,
1062 2141 1188 2227 aequali
1204 2140 1323 2204 fasti-

294 2226 369 2312 gio,
399 2237 433 2288 ct
453 2223 531 2285 sutis
550 2221 590 2284 ud
608 2221 782 2286 castrorum
804 2229 941 2308 spatium
958 2225 1101 2308 patenti,
1133 2223 1191 2286 ubi
1215 2227 1321 2287 Cae-

294 2329 349 2369 sar
359 2305 561 2369 consederat.
597 2307 686 2366 lnter
699 2305 785 2368 hunc
800 2319 834 2367 et
846 2305 1014 2370 adversam
1027 2327 1068 2390 op
1095 2305 1141 2368 idi
1175 2320 1318 2382 artem,

191 2403 193 2408 ·
294 2407 377 2473 quae
402 2388 474 2473 pari
500 2377 670 2448 altitudide
696 2402 766 2449 erat
786 2390 981 2474 conspicua,
1011 2330 1131 2473 produn
1157 2410 1174 2448 a
1198 2389 1319 2450 vallis

292 2469 529 2532 intercedebat.
571 2467 607 2530 ld
628 2467 767 2554 spatium
786 2473 920 2554 explere
938 2471 1057 2534 Caesar
1077 2469 1315 2544 decreverat,

171 2567 174 2576 ·
239 2567 242 2572 ·
290 2551 399 2616 insani
420 2550 543 2614 laboris
562 2569 662 2634 opus:
692 2549 751 2612 sed
775 2552 832 2613 ille
854 2553 916 2634 jam
934 2551 1032 2614 multa
1051 2553 1145 2624 talia,
1176 2553 1317 2634 inausa

292 2648 346 2696 sut
364 2633 508 2696 inaudita
526 2631 668 2705 ceteris,
688 2634 885 2716 perfecerat.
927 2635 1024 2696 Prius
1044 2648 1150 2696 tamen
1173 2634 1315 2709 visum,

293 2716 427 2790 urbem,
450 2737 513 2798 qua
529 2726 638 2774 terrae
657 2716 890 2793 committitur,
913 2716 1002 2796 (nam
1019 2731 1089 2778 tres
1103 2715 1176 2778 fere
1193 2719 1314 2801 oppi-

293 2795 328 2858 di
344 2807 455 2878 partcs
473 2794 554 2858 mari
570 2793 749 2877 alluuntur)
760 2797 1030 2878 circumvallare,
1051 2797 1158 2860 ductis
1173 2801 1312 2860 utrim-

292 2896 357 2960 que
375 2897 392 2936 a
409 2878 483 2942 loco
500 2873 673 2938 castrorum
691 2877 834 2942 edmero
853 2881 945 2944 loliis
963 2879 1228 2964 aggeribusque,
1266 2895 1312 2944 et

291 2979 359 3041 per,
373 2957 491 3018 idonea
508 2958 609 3038 spatia
627 2959 774 3022 turribus
790 2961 1009 3047 interpositis.
1041 2961 1093 3023 Ad
1109 2954 1191 3024 haee
1209 2983 1308 3050 ope-

290 3061 328 3100 ra
353 3058 451 3133 quum
476 3039 609 3100 muteris
635 3039 775 3117 deell'ct,
806 3043 957 3128 antiquae
977 3044 1154 3124 religionis
1178 3045 1309 3107 lucum

290 3117 440 3182 exscindi
465 3117 572 3198 jullit,
601 3121 826 3208 militibusque
852 3121 1080 3208 superstitione
1107 3129 1308 3190 cunctanti-

290 3199 371 3273 bus,
392 3199 517 3282 primus
539 3201 850 3282 arripuissecurim.
894 3211 1046 3271 Ceterum
1065 3209 1305 3292 prospiciens,

290 3279 454 3364 longioris
474 3299 585 3342 morae
602 3301 643 3344 ne
668 3287 770 3348 otium
787 3287 872 3361 elle,
896 3309 989 3374 quam
1012 3287 1115 3371 ipsius
1139 3290 1305 3355 rationes

286 3375 501 3445 paterentur,
525 3363 561 3424 C.
578 3303 779 3448 Trodonium
798 3369 961 3433 obsidioni
979 3369 1163 3466 praefecit,¹
1176 3371 1210 3432 in
1222 3373 1305 3434 Hi.

231 3451 241 3480 ’
293 3443 435 3528 spaniam
456 3443 678 3529 prolecturus,
702 3469 766 3532 quo
781 3449 842 3529 jem
858 3455 894 3516 C.
907 3452 1043 3514 Fabium
1057 3451 1198 3533 legatum
1214 3473 1303 3518 cum

291 3525 481 3608 legionibus
500 3546 557 3588 sex
571 3530 796 3610 praemiserat.
851 3541 852 3544 ’

127 3670 215 3724 cicero
233 3665 270 3720 erl
351 3657 408 3720 XI.
431 3656 674 3720 Malllliensium
692 3657 811 3722 sectum
830 3683 926 3746 quum
948 3675 981 3724 et
1000 3681 1062 3745 per
1083 3651 1118 3726 se
1138 3663 1301 3728 luculen-

109 3737 262 3808 Pompeium
289 3751 357 3810 tum
383 3737 479 3826 esset„
508 3753 541 3802 et
561 3760 667 3824 prope
689 3755 808 3804 certam
830 3763 919 3828 spem
939 3742 1083 3819 laceret,
1114 3747 1146 3806 in
1163 3747 1300 3832 llispa.

72 3849 78 3862 ,
110 3810 257 3877 ³0⁶⁰”s‘⁷‘·
290 3821 353 3882 niis
379 3843 441 3906 pro
463 3821 624 3918 Pompeio
646 3823 711 3884 elle
734 3827 858 3898 omnis,
890 3813 989 3910 quia:
1014 3827 1043 3887 si
1068 3827 1162 3889 s'ecus
1187 3829 1296 3906 silet,

289 3901 456 3976 homines,
480 3917 513 3966 et
533 3903 653 3977 ricini,
677 3919 711 3969 et
728 3904 924 3990 diligentes,
952 3907 1058 3970 minus
1076 3909 1175 3982 animi
1194 3909 1299 3974 hahi-

288 4033 625 4048 W·-

306 4091 398 4166 ,θείῃ
412 4093 463 4148 tx.
488 4091 558 4150 Dio.
585 4093 670 4175 Caes:
688 4094 781 4177 ,Cep
796 4095 832 4150 X.
857 4095 965 4152 Lucan.
981 4096 1074 4177 'Caes
1099 4097 1187 4154 civil.
1206 4117 1240 4166 n,
1261 4121 1293 4160 1.

290 4155 401 4222 Lucan.
418 4162 507 4227 Oros.
527 4163 612 4222 Caes.
632 4163 719 4220 Csrrl.
735 4185 763 4226 ι.
796 4164 871 4240 Cep.
885 4165 936 4244 XI.
955 4165 1018 4222 Cic.
1037 4165 1075 4226 ad
1088 4167 1150 4228 Att.
1163 4185 1208 4238 ro,
1219 4186 1260 4228 rs.
