2610 4696
285 303 345 386 37²
380 301 580 368 FREINSH.
599 297 1015 365 SUPPLEMENTORUM
1028 273 1255 367 matam.

284 441 388 456 m

116 523 151 581 ll.
169 533 273 592 epam.
350 511 414 572 Cll.
446 507 604 574 Ventidio
632 509 728 570 etiam
755 507 909 589 majorem
937 508 1093 572 invidiam
1122 507 1260 570 excitabat

115 595 152 649 A.
172 595 264 662 (hild.
289 593 438 654 fortunae
463 591 585 676 prioris
610 591 793 652 humilitas:
825 589 977 674 aiuntque
1004 611 1066 686 per
1092 591 1183 651 urbis
1205 591 1260 651 vias

83 749 85 752 Ι
117 665 161 717 Εἴ
176 666 276 720 ''mil''
290 675 387 757 vulgo
430 675 610 756 rescriptos
631 671 724 734 luillc
742 671 940 744 versiculos,
964 673 1080 755 quibus
1099 693 1207 734 omnes
1219 693 1261 730 au-

93 735 221 802 ΜΨ·
285 778 384 840 gures
404 697 661 837 llaruspioesque
681 755 869 836 ascirentur
889 753 928 815 ad
947 775 1064 816 recens
1082 768 1261 836 portentum,

284 837 436 922 quadis,
468 837 523 919 qui
543 837 646 897 mulos
667 835 787 898 fricare
807 836 951 908 solebat,
982 837 1094 898 consul
1110 835 1262 897 lactuses-

286 935 348 985 set.
385 918 516 1014 Quippe
529 917 717 978 Ventidium
735 918 821 980 bello
838 917 952 980 sociali
968 917 1097 980 ductum
1116 920 1150 977 in
1166 919 1264 978 trium·

285 1001 352 1100 pho
370 1003 427 1064 Cu.
443 999 591 1081 Pompeii
612 1001 871 1061 memoravimus.
914 999 1010 1074 lnde,
1032 1001 1162 1080 juventa
1181 999 1265 1080 inope

287 1107 321 1145 sn
341 1083 442 1166 caliga
463 1082 596 1143 militari
614 1082 762 1154 tolerata,
785 1083 890 1144 mulos
910 1096 940 1142 at
965 1103 1005 1144 ue
1023 1082 1170 1144 vehicula
1187 1101 1265 1162 prae·

287 1165 393 1228 henda
415 1163 566 1224 euntibus
591 1165 625 1226 in
646 1163 833 1246 provincias
853 1103 1090 1248 magidratibus
1109 1165 1264 1224 conduxit:

288 1247 431 1330 indeque
468 1246 617 1307 convicio
651 1245 857 1306 inimicorum
891 1247 927 1306 ad
955 1245 1069 1308 allatus
1098 1246 1142 1307 est
1169 1244 1265 1306 mulia.

217 1376 219 1386 .
286 1329 371 1402 Sed,
396 1328 469 1410 quia
481 1327 613 1390 Caesari
630 1339 695 1388 tum
715 1328 748 1388 in
769 1327 826 1388 illo
845 1270 1033 1399 miniderio,
1056 1343 1122 1388 tum
1142 1326 1266 1390 subinde

287 1409 464 1490 majoribus
486 1410 652 1482 admotus,
686 1409 909 1484 satisfecerat,
940 1424 1093 1493 receptus
1117 1411 1151 1470 in
1171 1407 1268 1470 amici.

286 1495 382 1564 tiam,
408 1506 621 1575 senatorque,
645 1505 676 1552 et
694 1513 767 1553 mox
785 1493 934 1552 tribunus
952 1493 1058 1576 plebis
1078 1506 1221 1560 creatus,
1239 1508 1269 1548 ac

286 1573 406 1636 deinde
426 1589 559 1657 praetor
575 1573 764 1654 designatus
778 1571 831 1633 est.
864 1574 988 1642 Eodem
1006 1593 1100 1642 anno,
1124 1575 1198 1657 quia
1213 1571 1270 1632 lre·

285 1655 461 1739 quentibus
485 1655 601 1738 legatis
626 1654 897 1716 exhauriebantur
918 1655 1136 1728 hereditates,
1166 1659 1201 1718 C.
1222 1655 1270 1714 Sa·

220 1772 223 1780 ,
283 1739 392 1800 ionius
411 1737 560 1800 tribunus
580 1737 686 1820 plebis
703 1739 810 1820 legem
827 1739 931 1800 tulille
951 1738 1090 1813 dicitur,
1113 1758 1147 1798 rae
1163 1741 1204 1796 cai
1217 1735 1271 1814 plur

284 1821 421 1880 dodrante
440 1819 530 1904 legare
547 1819 702 1898 adtenuata
719 1820 830 1894 licerer,
860 1819 1013 1902 quadrante
1029 1824 1124 1904 ulique
1141 1815 1272 1879 heredibus

278 1905 403 1984 jera-ma.

110 2053 156 2109 T.
224 2053 259 2068 ..
341 2003 427 2064 .Clll.
453 1993 517 2062 Sed
546 1997 648 2079 major
674 2019 751 2061 cura
776 1998 917 2060 omnium
939 1999 980 2064 de
998 1999 1182 2062 honoribus
1200 1996 1272 2068 luit,

96 2069 273 2177 ,malms
286 2083 404 2167 quibus
425 2082 558 2143 tresviri
579 2081 794 2162 placarentur.
837 2083 899 2160 His
917 2081 1017 2166 igitur
1035 2098 1068 2144 et
1086 2083 1148 2143 alia
1167 2081 1272 2142 decre·

97 2193 175 2248 mn,
286 2179 336 2235 ta,
367 2183 449 2248 quae
469 2163 547 2224 olim
567 2162 609 2223 oh
630 2177 774 2224 serratas
796 2163 944 2226 civitates
965 2165 1143 2241 dabantur3
1173 2177 1206 2224 et
1225 2181 1274 2222 co·

285 2265 385 2308 ranae
411 2245 555 2318 civicae,
591 2245 755 2329 postquam
780 2247 949 2323 atrocitate
972 2261 1155 2329 temporum
1176 2243 1274 2306 videri

283 2330 435 2388 meritum
457 2327 586 2423 eoepit,
612 2347 676 2388 non
697 2323 860 2388 occidere.
904 2333 1017 2412 Neque
1034 2349 1114 2390 vero
1131 2325 1274 2410 culpandi

284 2410 480 2470 videbantur
500 2409 562 2469 sibi
585 2409 740 2483 tresviri,
772 2408 859 2492 quod
880 2411 998 2472 multos
1018 2411 1196 2478 tollerent,
1226 2406 1276 2468 sed

284 2511 347 2576 pro
367 2512 482 2573 magno
503 2489 704 2560 habendum,
736 2491 824 2573 quod
845 2493 1017 2553 nonnullos
1039 2493 1276 2572 relinquerent:

286 2587 320 2650 et
336 2573 466 2657 publice
484 2573 631 2634 solebant
648 2569 809 2655 profiteri,
825 2570 857 2651 se
872 2593 955 2654 raeque
968 2573 1060 2636 Stellae
1074 2593 1122 2631 aaa
1134 2573 1230 2632 atara
1244 2592 1275 2643 p-

286 2675 421 2738 araturos
439 2655 685 2754 asperitatemfflie
705 2656 795 2712 odiam
805 2654 860 2734 fidi
876 2675 1026 2735 pataream·
1055 2675 1140 2732 araque
1159 2652 1275 2733 Caefian's
1301 2701 1302 2706 ,

286 2737 473 2810 clemenciam,
503 2757 536 2796 ne
561 2739 743 2818 coattrruptua',
773 2753 800 2794 et
822 2757 855 2795 ex
879 2753 1031 2818 caratampru
1050 2733 1155 2818 infidiis
1177 2733 1277 2795 abramii

284 2818 397 2898 parant.

116 2933 218 2988 aarum
233 2945 276 2986 ra·
351 2918 433 2981 ClV.
462 2915 560 2978 Tales
582 2913 683 2998 igitur
706 2914 739 2974 in
764 2915 919 3000 sanguine
941 2917 1059 2979 civium
1083 2933 1183 2996 quum
1208 2913 1301 2992 luia,

98 3005 192 3082 place·
291 3013 385 3071 sent,
408 3019 473 3062 non
497 3011 568 3060 erat
589 3017 699 3078 magna
719 2994 901 3092 postulanda
920 3000 952 3060 in
972 2997 1178 3082 patrimoniis
1195 2993 1279 3056 ablti·
1300 2995 1301 3058 l

292 3081 412 3144 nentia.
457 3081 554 3141 Certe
583 3079 690 3140 dotem
719 3079 965 3142 interfectorum
992 3079 1164 3146 uxoribus,
1199 3063 1301 3138 deci-l

294 3183 375 3227 mam
396 3163 554 3224 bonorum
574 3161 708 3230 liberis,
745 3162 772 3221 si
793 3181 898 3224 mares
922 3163 1039 3233 ellent,
1074 3163 1102 3223 si
1122 3159 1279 3230 feminae,

208 3296 214 3328 2
294 3245 481 3310 vicesimam
501 3256 592 3305 erant
609 3241 759 3324 polliciti.
795 3243 853 3304 sed
872 3241 1112 3326 praedabantur
1129 3239 1212 3302 haec
1231 3261 1282 3322 op·

320 3327 375 3388 ido
396 3325 526 3410 paucis:
557 3323 726 3408 plerisque
746 3327 891 3387 concell'a
910 3347 971 3410 per
989 3326 1094 3408 legem
1112 3335 1300 3406 extorque,

147 3455 149 3464 κ
296 3352 414 3472 dantur
440 3407 608 3468 calumnia.
652 3409 765 3487 Neque
790 3427 869 3468 vera
890 3407 973 3468 bona
994 3407 1201 3490 reliquorum
1224 3409 1300 3466 tutat

298 3490 438 3552 dominis
457 3489 522 3550 ulla
541 3509 580 3550 ex
599 3500 690 3570 parte
711 3502 813 3548 erant.
856 3489 981 3550 Civium
1001 3488 1182 3571 proborum
1199 3487 1282 3568 quie·
1299 3461 1300 3537 l

177 3577 180 3590 '
297 3586 490 3654 torumque,
522 3567 731 3653 quorumdam
759 3571 873 3642 etiam,
903 3570 958 3653 qui
983 3568 1157 3632 studiorum
1189 3569 1283 3630 caulla

299 3653 449 3725 aberant,
483 3653 568 3713 hona
594 3649 835 3724 vendebantur,
866 3651 948 3712 nihil
969 3651 1211 3736 suspicantibus
1231 3647 1282 3710 do·

297 3735 406 3796 minis.
448 3736 572 3796 Romae
599 3745 632 3794 et
657 3753 719 3816 per
743 3734 927 3796 universam
953 3734 1074 3796 ltaliam
1101 3731 1282 3810 mercedem

527 3861 638 3872 ..—

269 3873 273 3886 ¹
333 3923 408 4044 Cap.
424 3921 486 3975 Cll.
505 3919 569 4001 civ,
583 3937 609 3986 7,
624 3922 668 3986 da.
693 3921 728 3976 Α.
743 3917 820 3976 Gall.
839 3921 880 3988 aa,
895 3923 921 3988 l.
941 3919 1049 3992 Supra,
1065 3921 1109 3984 76,
1126 3919 1153 3976 d.
1171 3917 1251 4000 Plio,
1259 3865 1299 3982 ,ql

297 3993 372 4116 la
392 3987 592 4114 adluit,
608 3987 1029 4116 tll‘malffthhlll:
1049 3987 1298 4117 telate?

327 4101 335 4118 a
376 4078 391 4116 θ
777 4076 796 4184 f
894 4099 901 4113 ι
955 4077 994 4124 ¹⁰7
1043 4075 1078 4126 (17
1206 4078 1244 4118 lp

299 4141 330 4184 et
345 4147 388 4194 aa,
404 4133 430 4186 6.
452 4127 521 4182 Dio.
560 4128 634 4199 Cap.
650 4127 728 4187 le.
754 4128 776 4182 P

789 4137 832 4185 ut.
850 4130 960 4184 Antan.
978 4121 1047 4183 Dio.
1071 4126 1163 4184 Corn.
1180 4125 1281 4196 uapor.

255 4213 260 4220 ’
299 4199 389 4254 attic.
403 4215 443 4256 n.
460 4197 531 4253 oio.
855 4197 859 4202 '
