2610 4696
191 314 237 378 m
255 311 410 382 rocon
430 315 514 378 uun.
536 313 681 380 cxxrv.
701 311 820 382 trust.
944 303 1005 388 437

24 521 178 586 maritimo
198 520 328 603 proelio
348 519 444 584 citius
463 521 660 584 innotuillet.
703 523 783 584 Erat
801 521 894 584 enim
906 523 1006 585 rebus
1035 519 1071 576 U·
1090 532 1116 570 θ·
1131 531 1195 586 7¹⁰·
1256 543 1261 562 .
1291 575 1293 584 .

23 605 165 666 omnibus
190 603 230 664 ad
251 603 334 664 banc
355 605 514 664 rationem
536 605 770 688 paratilliotuss
803 602 900 666 collra
921 619 1006 678 tuta,
1037 593 1073 647 Δ·
1091 587 1190 656 Μ’·

22 687 208 769 locupletia,
239 685 380 747 salubria
397 683 552 748 habebatz
589 686 687 747 maria
705 685 844 748 babebat
861 688 895 748 in
915 701 1008 770 pote-

22 767 106 835 state.
134 767 275 830 habebut
296 767 484 850 provincias
509 768 708 840 uberrimas,
741 767 827 830 unde
851 789 1011 831 commea·

22 865 121 922 tuum,
151 850 238 912 unde
264 851 473 932 pecuniarum
501 847 683 912 inexhausta
706 853 800 934 copia
823 851 1011 936 suppedita-

21 947 76 992 ret.
119 932 186 994 Sed
209 933 277 994 fato
300 931 440 1015 quodam
462 935 495 992 in
520 931 713 1016 vigesimum
736 953 840 1016 usque
864 933 1011 998 diemde

23 1013 117 1074 nauali
138 1015 269 1098 proelio
288 1012 434 1076 audierat
450 1015 551 1096 nihil,
583 1027 616 1076 et
635 1014 743 1076 Clodii
771 1015 935 1094 cujusdam
961 1017 1012 1076 in·

27 1095 131 1156 dicium
161 1097 407 1170 contemnebat,
437 1097 513 1180 qui,
547 1109 641 1180 capto
663 1093 724 1177 jam
751 1097 915 1242 puquandi
933 1117 1010 1160 con-

25 1179 107 1249 silio,
138 1179 250 1260 pridie
271 1199 365 1262 quam
387 1193 625 1242 concurrerent
643 1179 750 1256 acies,
779 1201 796 1240 a
842 1199 915 1242 eum
937 1198 1011 1242 cum

22 1259 76 1320 hoc
95 1261 218 1323 nuncio
235 1259 465 1344 transfugerat.

76 1367 163 1430 tvl.
187 1369 303 1429 Cetera
321 1389 452 1453 quoque
471 1371 514 1434 ita
530 1371 761 1456 conspirabunt
775 1370 816 1434 ad
830 1369 1010 1456 perniciem
1044 1384 1135 1444 pmm

23 1447 87 1520 viri,
111 1463 148 1510 ut
168 1469 229 1510 nec
250 1451 374 1512 enitere
390 1453 505 1534 pollet,
527 1475 589 1516 occ
607 1455 719 1516 saltem
737 1457 896 1516 innocens
914 1453 1012 1514 mori.
1024 1458 1157 1532 quaedem

24 1531 149 1592 maxime
169 1531 293 1594 lerocia
312 1533 450 1596 militum
468 1537 661 1619 angebatur3
685 1557 822 1620 quorum
838 1557 912 1622 pars
929 1534 1009 1596 rnul-
1024 1528 1160 1584 ‘⁰³¹⁶'ssst

24 1625 51 1672 to
70 1614 206 1674 maxima
228 1615 288 1677 sub
309 1618 447 1678 Caesare
472 1617 632 1684 dictatore
654 1633 836 1688 meruerat,
867 1617 1012 1680 reditura
1025 1598 1141 1670 “Sum

25 1693 57 1752 ad
72 1709 201 1776 partes,
225 1697 290 1760 nisi
309 1699 406 1760 multa
424 1699 494 1772 bis,
518 1721 601 1784 quae
615 1701 717 1762 nollet
733 1703 870 1772 Brutus,
894 1717 1014 1760 conce·

25 1774 183 1838 durentur.
228 1783 306 1842 Nam
330 1781 491 1844 Antonius
519 1795 551 1844 et
574 1784 693 1844 Caesar
714 1795 814 1844 totam
840 1800 1015 1880 propemo-

25 1857 89 1916 dum
105 1859 228 1922 ltaliam
247 1862 387 1943 praedae
409 1865 476 1926 suis
494 1863 680 1947 legionibus
700 1863 827 1926 dabant.
864 1867 966 1946 lgttur
983 1875 1017 1925 et

25 1941 87 2021 ipse
106 1941 188 2003 duas
212 1943 312 2004 urbes
331 1946 433 2006 claras
452 1945 606 2028 promisit
625 1946 827 2030 diripiendas
847 1945 1015 2016 daturum,

25 2023 275 2088 'l'hellalonicam
299 2041 332 2090 et
353 2027 649 2100 Lacedaemonem,
684 2029 726 2090 ob
755 2027 843 2090 milla
870 2023 1015 2088 hostibus

25 2107 131 2168 auxilia
158 2106 320 2170 infestior.
371 2110 469 2172 Aliud
496 2111 592 2172 etiam
613 2109 745 2172 crudele
766 2110 884 2171 factum
907 2107 1014 2180 addit,
1144 2139 1149 2170 ι

26 2189 165 2272 captivos
190 2189 439 2266 interficiendo,
473 2213 590 2256 servos
617 2192 784 2260 duntaxat,
818 2191 873 2275 qui
901 2191 1017 2274 priore

46 2272 147 2334 roelio
164 2275 250 2356 capti
269 2287 371 2346 erant,
394 2295 436 2338 ne
453 2275 566 2338 turbas
584 2273 699 2336 darent
717 2275 750 2336 in
767 2269 891 2336 callris:
914 2267 1018 2334 cusso-

26 2294 81 2413 diri
94 2355 185 2415 enim
201 2356 378 2440 nequibant
389 2371 528 2442 propter
539 2355 791 2420 multitudinem.
822 2355 1019 2418 Liberorum

29 2437 279 2520 aliquammultot
302 2437 427 2502 dimisit
447 2441 553 2514 ultro,
586 2437 688 2500 ciuibus
711 2441 784 2520 apud
806 2443 876 2500 ciues
898 2435 1020 2513 constare

24 2523 65 2598 ju
78 2539 193 2600 aequum
213 2517 384 2588 dictitans.
406 2521 504 2602 bosque
523 2525 632 2602 potius,
655 2541 737 2602 qoem
752 2525 783 2582 in
797 2517 891 2598 castris
907 2517 1021 2594 lollium

27 2599 109 2672 elicto,
132 2603 305 2681 captiuitatis
321 2623 403 2682 utque
412 2601 560 2682 seruitutis
576 2595 947 2682 turpitudinemfissliouill'o.
971 2601 1021 2660 Ne

27 2683 132 2828 plures
146 2681 256 2826 palam
274 2683 459 2828 ableqluret,
483 2683 600 2748 ducum
618 2697 715 2769 atque
734 2683 874 2754 militum
893 2679 1022 2742 cilicie·
1105 2725 1109 2744 .

46 2781 73 2828 at
96 2769 141 2827 tri
157 2765 246 2840 titia,
278 2766 336 2852 qui
381 2787 417 2829 ac
438 2767 629 2851 impunitate
651 2765 777 2828 animos
800 2761 956 2832 hollium,
989 2771 1024 2822 et

30 2869 111 2908 suum
133 2849 318 2934 periculum
333 2849 448 2938 augeri
468 2847 701 2932 querebantur.
745 2845 860 2912 Occisi
877 2841 954 2927 quin
973 2853 1023 2904 et·

30 2931 83 2990 iam
101 2925 176 2994 s'uot
194 2929 296 3014 aliqui
310 2933 345 2992 P.
360 2933 480 2994 Cascae
498 2929 651 3015 impulsu,
674 2931 741 3014 qui,
766 2925 930 3013 parentari
946 2925 1024 2986 Cus-
1111 2989 1114 2996 ,

30 3013 73 3072 sio
99 3011 273 3100 suppliciis
301 3011 435 3076 bostium
461 3009 644 3098 pullulans,
678 3011 798 3075 editam
823 3009 911 3072 forte
936 3007 1025 3070 inter

30 3093 99 3156 alias
115 3095 334 3180 cogitationes
350 3118 367 3158 a
381 3097 485 3158 Bruto
503 3114 629 3166 vocem,
651 3097 718 3173 quid
736 3114 821 3172 quatur
842 3091 865 3165 li
883 3106 1024 3172 rogarent,

31 3199 106 3255 »septe
123 3179 247 3254 facerent
263 3177 330 3256 ipsi,
352 3181 425 3259 quod
440 3177 607 3237 videretur?
637 3197 699 3259 pro
717 3175 797 3256 julio
817 3173 859 3234 im
885 3169 1026 3234 etaloris

31 3257 210 3346 adceperat,
233 3273 323 3322 tanto
343 3259 491 3346 pronius,
538 3255 603 3318 uod
617 3257 651 3318 in
667 3257 810 3320 diversis
827 3195 935 3318 cedris
950 3271 1026 3316 suo·

33 3363 97 3402 rum
113 3342 210 3404 etiam
229 3341 408 3426 plerosque
428 3281 571 3404 interdci
590 3337 770 3403 audiverat.
1018 3352 1019 3360 ¹

85 3469 188 3532 xvlt.
209 3467 337 3528 Ferunt
353 3485 391 3528 ea
408 3465 546 3550 quoque
558 3479 673 3538 nocte,
696 3481 778 3548 quae
791 3459 953 3545 proelium
970 3477 1026 3518 an·
1051 3459 1191 3530 spatarum

34 3550 171 3622 ceretu,
193 3563 374 3634 spectrum,
400 3549 487 3633 quod
509 3547 716 3628 transjiciens
735 3565 774 3607 eu
790 3543 868 3606 Asia
888 3540 1026 3611 viderat,
1041 3531 1160 3600 ‘arm‘

36 3631 232 3694 obversatum
254 3631 287 3692 ei
307 3631 389 3702 elle,
414 3631 472 3694 sed
495 3631 580 3694 nulla
602 3642 684 3692 voce
702 3627 800 3690 edita.
845 3621 912 3719 Sub
927 3641 1028 3720 proe-
1042 3601 1142 3655 ΒΜ·

34 3715 67 3776 lii
88 3727 212 3797 tempus
239 3714 419 3797 imperator
439 3715 511 3798 ipse
533 3711 711 3784 subtristis,
744 3729 856 3794 parum
877 3705 940 3782 suba
953 3703 1029 3800 pla·

36 3815 124 3870 cere,
147 3793 388 3881 quaesierunt,
410 3815 492 3863 voce
513 3794 663 3866 telletus,
688 3793 767 3865 Nos,
789 3789 911 3876 inquit,
928 3785 1031 3866 erilz.

41 3899 97 3952 ter,
125 3899 205 3961 atque
223 3879 367 3959 Pompejtts
382 3877 524 3960 Magnus,
550 3883 672 3956 gerimus
688 3873 804 3944 bellum,
826 3888 949 3954 parentes
971 3885 1032 3964 pta·

39 3967 86 4044 tit·
107 3981 185 4044 qm
200 3965 375 4044 imperantes.
398 3957 486 4048 quod
502 3973 535 4024 et
545 3957 681 4026 Gallium
699 3957 809 4046 paullo
824 3966 897 4018 ante
915 3948 1031 4011 dixrffe

68 4150 226 4228 papum.
248 4147 274 4204 A
297 4151 377 4220 plen.
395 4149 473 4208 Plut.
492 4149 622 4234 Appiam
641 4147 719 4228 Plut.
738 4139 933 4202 Dio.etPlut.
951 4138 1032 4198 t’tut'.

44 4217 105 4276 llto.
139 4221 213 4296 Gap.
230 4223 278 4280 ΧΥ
345 4217 422 4278 etur.
436 4228 466 4278 et
480 4217 613 4296 dppsen.
631 4218 760 4294 Appen·
