2688 4698
124 888 435 981 JOHANNIS
483 895 865 972 FREINSHEMII

71 1069 435 1131 surrnmnnnronnn
460 1075 699 1134 mvnnonuu
724 1037 835 1129 arnan
860 1075 921 1132 cv.

155 1221 204 1284 tu
227 1222 380 1285 nocuas
399 1223 512 1286 utnut
534 1227 627 1290 exn.
660 1227 699 1286 u.
721 1223 833 1292 ntvtt.

64 1431 86 1492 l·
115 1437 298 1501 Extremus
323 1438 399 1502 binc
420 1441 530 1503 Druso
557 1443 640 1506 vitae
668 1463 785 1516 annus,
817 1439 983 1504 sedidem
1016 1441 1160 1519 storia.

25 1533 127 1578 nonore
150 1533 186 1580 et
204 1522 311 1604 gloria
332 1525 535 1619 praecipuus,
558 1526 713 1608 sequitur.
755 1529 833 1588 Nam
859 1537 890 1584 et
907 1543 983 1618 con·
1012 1515 1125 1608 Mi·9·

25 1596 158 1670 inlatum,
182 1603 314 1684 collega
333 1606 372 1664 Τ.
389 1604 542 1686 Quinctio
558 1609 596 1665 T.
614 1609 651 1668 F.
670 1607 841 1690 Crispino,
863 1618 980 1687 gessit:
1000 1582 1173 1704 dliq‘r'ihu‘

24 1681 256 1816 steprsgiasde
268 1686 437 1747 Germania
453 1686 605 1749 victorias
615 1689 802 1771 reportavit.
825 1688 935 1748 Fatum
955 1685 984 1745 ei
1000 1660 1137 1798 stbctsio

24 1777 67 1834 pro
90 1760 167 1842 igine
191 1765 456 1846 praenunciatum
476 1768 604 1851 antiqua
624 1765 806 1851 superstitio
828 1755 985 1843 credillit3
1000 1792 1074 1847 cop,

24 1838 91 1918 puosl
106 1843 296 1908 turbinibus
315 1859 347 1910 et
366 1846 499 1910 fulmine
518 1851 663 1912 conculis
677 1853 830 1934 pleraque
848 1847 985 1918 fuerant,
1016 1883 1147 1956 Prodigia

23 1919 177 2001 inquibus
201 1941 237 1990 et
256 1929 371 1989 multae
390 1929 532 1990 Deorum
549 1931 664 2004 aedes,
697 1944 788 1992 utne
806 1929 989 2017 Capitolino*
1002 1953 1168 2010 prm...

23 2001 136 2082 quidem
151 2009 254 2080 lori,
284 2010 546 2092 consortiumque
564 2013 707 2074 Deorum
727 2012 818 2074 cellis
837 2029 986 2094 parcere·
999 2034 1170 2091 tempranen·

22 2093 72 2141 tur·
114 2085 189 2166 Quo
211 2103 341 2152 terrore
362 2091 408 2150 nil
423 2091 563 2153 tardatus
585 2093 731 2170 juvenis,
761 2091 794 2153 iu
809 2087 1100 2152 Transibo-dmu-

22 2181 104 2225 nanas
131 2170 287 2234 civitates
311 2170 429 2232 iterum
452 2171 583 2234 inducto
604 2174 767 2245 exercitu,
800 2192 860 2256 per
880 2173 988 2233 Cattos

22 2243 51 2303 td
74 2247 257 2313 suevorum
278 2273 380 2348 usque
399 2249 479 2348 buca
495 2273 609 2337 magno
629 2254 739 2316 labore
760 2255 825 2315 iter
844 2252 989 2335 aperuits

21 2323 93 2388 baud
110 2331 284 2396 incruenta
302 2347 438 2396 vsctorra
457 2335 628 2418 superatis,
650 2336 705 2420 qui
726 2348 944 2397 occurrerant.

70 2435 107 2495 ll.
138 2437 241 2512 lude,
275 2451 342 2501 tres
367 2438 461 2500 simul
484 2439 685 2503 validillimas
707 2441 874 2515 nationes,
905 2425 987 2504 Cbe·
1018 2442 1045 2491 1¹
1057 2439 1165 2497 tasas.

21 2532 146 2590 ruacos,
169 2519 382 2604 suevosque,
410 2531 443 2582 et
464 2520 666 2594 Sicambros,
689 2523 836 2591 adortus,
861 2523 988 2582 nimiam
1003 2509 1144 2563 mmm

21 2591 144 2658 bolliam
170 2599 319 2666 lisluciam
345 2601 558 2663 calamitosam
583 2604 665 2687 ipsis
692 2619 787 2700 atque
810 2603 988 2664 lacrimabi-
1003 2577 1176 2699 {ww

22 2673 76 2736 lem
96 2678 219 2746 effecit.
262 2689 338 2748 Nam
359 2683 428 2756 illi,
457 2686 698 2746 centurionibus
715 2685 829 2768 viginti
852 2683 988 2745 barbaro
1001 2713 1128 2769 mm·

22 2775 104 2821 nore
122 2768 271 2830 mactatis
290 2767 329 2827 ad
347 2785 436 2837 aras,
467 2767 759 2848 commatisque,
791 2779 850 2824 tarn
870 2781 988 2826 certam

24 2839 173 2907 victoriae
197 2871 212 2910 s
238 2869 287 2912 ern
304 2859 537 2930 conceperant,
561 2861 604 2919 ut,
629 2847 729 2909 divisa
749 2848 782 2906 in
800 2847 989 2907 antecessum

24 2921 152 3000 praeda,
186 2871 343 2992 Cberusci
364 2951 382 2991 e
406 2947 485 3000 nos,
518 2929 617 2990 Saevi
635 2949 743 2990 aurum
764 2943 796 2989 et
815 2941 991 3010 argentum,

26 3001 178 3070 Sicambri
198 3013 342 3096 captivos
360 2949 422 3071 sibi
439 3009 687 3091 desponderent.
731 2996 795 3072 Seri
813 3010 896 3092 ipsi,
927 3029 991 3068 ma-

26 3101 78 3163 gna
102 3109 208 3173 pugna
229 3094 328 3165 victi,
359 3109 458 3190 seque
480 3104 511 3152 et
531 3111 585 3152 sua
603 3111 674 3154 cum
693 3091 845 3152 uxoribus
862 3092 991 3152 liberis-

24 3184 79 3246 que
97 3173 329 3308 perdiderunt,
356 3195 411 3257 qus
429 3191 519 3234 more
539 3174 698 3234 Germano
719 3173 847 3315 sepuuti
866 3191 940 3232 suos
959 3172 992 3230 in

25 3251 177 3324 proeium
199 3266 351 3318 exeuntes
372 3256 510 3316 lucrant.
552 3257 618 3316 lies
640 3255 734 3317 foeda
778 3255 854 3325 ictu,
881 3253 936 3315 sed
953 3252 992 3312 ad

26 3325 290 3399 demonstrandam
314 3337 439 3397 illarum
465 3336 606 3418 gentium
630 3336 853 3398 incredibilem
872 3334 992 3422 ¹lerita·

25 3420 83 3469 tem
102 3413 228 3493 ellicas,
250 3418 408 3493 traditur3
427 3417 579 3479 mulieres
595 3437 715 3488 eorum,
738 3437 832 3502 quum
847 3415 885 3476 ad
904 3417 993 3498 plau-

26 3487 77 3551 llra
96 3515 151 3557 sua
169 3501 312 3564 victores
332 3499 505 3570 resilient,
528 3497 751 3560 deficientibus
772 3499 862 3570 telis,
887 3497 992 3558 inlan-

26 3575 208 3719 ltlsrliberos
231 3582 319 3646 humi
341 3579 475 3642 collisos
498 3581 531 3640 iu
552 3580 685 3676 aduprsa
703 3579 835 3643 hostium
859 3600 914 3641 ora
932 3578 995 3639 mi.

28 3673 52 3714 ιι
78 3678 105 3718 e.

59 3765 130 3828 'llb
161 3767 203 3831 At
216 3771 361 3842 Drusus,
385 3766 590 3832 cetlentes'in
607 3765 767 3910 penitiora
785 3767 932 3850 gnaviter
945 3765 994 3826 in·
1025 3768 1054 3820 A
1065 3777 1169 3834 spem·

27 3861 193 3928 sequutus,
226 3851 312 3914 inter
330 3851 497 3936 Visurgim
518 3861 550 3912 et
568 3850 608 3912 Al
633 3850 675 3910 im
698 3850 803 3912 omnia
821 3848 994 3934 populaba.
1007 3837 1189 3908 rud-um

29 3983 345 4010 *w

52 4049 120 4124 Cup.
140 4056 164 4109 l.
183 4055 259 4126 Dio,
284 4057 303 4110 l.
320 4057 364 4114 ⁵5.
384 4051 471 4113 ond.
486 4053 524 4114 ad
541 4055 604 4113 biv.
622 4075 651 4113 v.
669 4059 735 4124 los.
751 4056 818 4112 Dio.
837 4053 899 4108 biv·
916 4053 997 4124 Ενῖῑ·
1061 4111 1065 4118 .

23 4115 83 4172 Dio.
117 4122 240 4196 capll.
267 4127 348 4180 Flos.
367 4132 397 4198 4,
420 4146 459 4182 ιι.
487 4127 573 4181 Oros.
590 4129 621 4190 6,
638 4145 682 4184 ιι.
707 4125 787 4180 Flor.
813 4123 898 4180 Orus.
927 4125 997 4180 Tac.

26 4183 116 4246 Germ.
132 4211 159 4262 7.
177 4204 207 4252 et
225 4195 273 4252 all.
288 4195 375 4252 Oros.
412 4195 486 4267 Cap.
503 4196 558 4252 lll.
578 4193 664 4264 Die.-

1312 3809 1314 3921 l
