2588 4688
165 298 192 362 ὃ
324 338 383 408 na
418 317 622 381 rnamsn.
639 255 1274 380 surenauanronousndxxx.

104 3173 114 3208 Ι
205 3185 210 3211 t

152 531 187 586 U·
207 537 311 600 ⁰···'7⁰7·
327 531 473 595 ctorism.
516 525 603 586 Hinc
619 537 709 586 certe
727 536 760 584 et
775 522 878 585 erecti
888 523 1020 598 Julisni,
1044 537 1078 588 et
1094 523 1203 588 territi
1217 515 1278 594 hottl

154 602 189 656 A·
207 601 241 655 G·
257 601 303 668 4⁵·
330 626 421 676 sunt:
446 627 609 690 veraeque
627 626 701 667 mox
721 605 817 688 fugae
833 606 961 667 initium
980 607 1060 680 luit,
1082 605 1169 669 l‘also
1185 599 1278 688 credit]

293 709 296 716 ’
328 715 426 780 quum
448 691 560 758 etiam,
591 708 707 758 errore
729 707 800 750 oom
827 701 917 758 erto,
948 709 1012 750 non
1037 689 1177 772 amplius
1202 687 1278 754 restit

321 775 446 840 turbati
468 771 600 834 ordines
621 771 757 855 pollent.
803 711 898 831 blase
920 791 1044 856 pugna,
1068 786 1208 854 pugnata
1225 771 1279 922 Libq

323 857 467 932 ralibus,
492 853 633 914 advertit
652 851 817 914 hominum
837 873 965 925 curam,
988 868 1024 916 ut
1044 853 1167 919 eodem
1182 853 1232 914 die
1247 875 1275 912 au

325 936 575 1025 quadriennium
591 934 714 996 ltaliam
732 957 749 996 a
764 933 922 1018 Pompsjo
942 935 1090 1004 relietum
1109 927 1279 998 recordatui

214 1036 221 1051 ¹
320 1036 389 1093 tur.
432 1017 522 1084 Victi
547 1037 623 1102 pers
647 1016 682 1076 in
705 1013 822 1088 salira,
855 1036 931 1101 pars
956 1017 990 1078 iu
1013 1015 1171 1102 oppidum
1194 1017 1279 1099 refugi

323 1116 412 1164 runt.
449 1098 548 1178 castra
567 1113 747 1183 expugnata
766 1113 858 1174 suut,
886 1098 959 1184 pari
983 1118 1090 1184 prope
1111 1112 1279 1184 utrorumqt

327 1184 429 1246 clades
451 1185 459 1200 a
1277 1227 1279 1234 0

157 1291 296 1365 Aggem
347 1319 353 1329 ·
387 1291 457 1356 LV.
480 1289 632 1353 Mundam
654 1290 729 1374 quia
748 1290 867 1354 Caesar
888 1287 989 1351 llatim
1009 1287 1244 1354 circumvallari
1259 1287 1280 1436 iq

130 1363 311 1425 “fftvvllul·
321 1387 515 1456 perarmat,
549 1373 687 1456 nequis
713 1393 774 1454 per
798 1369 927 1434 ndctem
951 1370 1125 1444 eraderet,
1159 1385 1195 1434 et
1213 1391 1265 1454 agg

325 1453 517 1517 exstruendo
544 1475 605 1517 nec
631 1454 791 1538 temporis
817 1455 895 1516 satis
916 1473 978 1518 uec
997 1456 1151 1518 materiae
1175 1469 1280 1537 supper

323 1537 397 1611 bat,
422 1535 569 1621 congelle
591 1549 665 1600 sunt
682 1534 809 1598 hollilia
827 1535 1002 1612 cadavera,
1026 1556 1196 1620 sggerque
1219 1537 1280 1608 cul

324 1619 484 1692 ellectus,
516 1621 594 1682 valli
616 1621 720 1681 vicem
748 1619 849 1680 scutis
872 1619 1017 1704 pilisque
1038 1632 1070 1680 et
1085 1618 1222 1702 jaculis,
1250 1639 1280 1702 qu

325 1700 449 1767 conlisa
475 1721 616 1786 corpora
642 1699 855 1774 tenebantur,
878 1701 1095 1785 explentibus.
1137 1703 1184 1763 Et
1207 1699 1280 1784 gaud

252 1783 256 1790 '
323 1783 377 1846 bat
397 1782 494 1844 foeda
513 1783 706 1847 crudelitate
725 1783 832 1856 miles,
853 1781 1089 1881 uertendisque
1108 1783 1148 1844 ad
1169 1783 1263 1866 oppid

324 1863 510 1927 occisorum
531 1865 708 1950 capitibus,
743 1878 905 1951 tamquam
931 1865 1062 1942 virtutus
1088 1887 1166 1930 suae
1187 1805 1281 1950 cestini

323 1949 401 2022 nio,
424 1947 656 2010 delectabatur.

164 2073 302 2141 Numerus
384 2073 471 2140 LVI.
501 2070 662 2136 Cecidillc
685 2069 817 2134 tradunt
839 2090 880 2133 eo
903 2071 1033 2156 proelio
1050 2072 1281 2157 Pompeianum

131 2155 287 2210 octaorum.
324 2177 423 2251 supra
438 2155 573 2238 triginta
587 2153 707 2226 millia,
735 2173 818 2237 quos
841 2154 929 2216 inter
945 2154 1123 2216 Labienum
1141 2167 1178 2217 et
1196 2157 1281 2222 Vamr

227 2263 233 2274 ·
323 2239 444 2321 quibus
464 2235 540 2298 lieri
558 2236 676 2298 Caesar
693 2235 791 2296 funus
811 2235 915 2316 jutttt:
939 2249 972 2298 et
996 2237 1139 2320 equitum
1160 2240 1278 2299 Roman

322 2341 397 2381 rum
411 2333 458 2382 'ex
477 2319 559 2380 urbe
582 2331 615 2379 et
634 2317 804 2399 provincia
824 2317 1045 2383 circitantria·
1058 2319 1170 2380 millia.
1223 2323 1282 2402 Aqu

323 2401 374 2462 lae
399 2421 513 2466 omnes
538 2413 650 2483 captae
673 2417 746 2460 cum
769 2399 873 2482 signis
901 2413 934 2462 et
957 2399 1122 2472 fascibus,
1153 2403 1282 2485 praeterl

321 2482 424 2544 duces
445 2481 526 2544 belli
549 2479 793 2564 septemdecim.
835 2482 997 2544 Victores'
1011 2483 1193 2545 desiderati
1213 2483 1249 2544 ad
1262 2483 1282 2542 hl

320 2566 446 2626 minum
460 2564 560 2636 millo,
584 2563 715 2646 pedites
733 2561 874 2647 equites,
920 2583 990 2625 rom
1015 2565 1150 2626 tillimus
1169 2567 1282 2649 quisqu

322 2662 357 2710 et
383 2647 553 2709 vulnerati.
573 2643 613 2705 ad
638 2645 848 2730 quingentos.
891 2585 965 2708 iioe
990 2586 1031 2708 de
1055 2647 1187 2730 proelio
1213 2645 1282 2708 dixil

323 2732 498 2793 Caesarem
524 2728 653 2801 lerunt,
679 2727 760 2810 saepe
782 2726 815 2811 se
843 2727 877 2788 ds
903 2733 1039 2803 ulmaria,
1069 2749 1127 2790 rum
1145 2733 1266 2812 primun

203 2834 209 2848 ⁸
317 2812 424 2896 filare,
448 2809 593 2892 dimicasse.

124 2983 127 2990 ⁴
190 2955 294 3010 carrae
389 2939 488 3011 Lvtt.
513 2943 666 3008 Ceterum
684 2943 886 3029 perditarum
905 2963 1016 3008 rerum
1034 2939 1172 3006 nuncius
1191 2943 1231 3005 ad
1247 2945 1282 3006 Sc

143 3023 301 3106 Compsam
323 3027 516 3112 Pompeium
535 3025 686 3092 Valerius
708 3026 902 3090 adolescens
921 3027 1105 3091 Cordubam
1129 3045 1171 3088 ex
1194 3026 1280 3110 procl

142 3105 253 3164 'mim‘
323 3111 426 3172 venit.
469 3108 597 3171 ldclreo
618 3109 754 3182 Sextus,
778 3109 952 3172 distributa
978 3108 1144 3193 equitibus
1164 3109 1279 3193 pecuni

235 3253 256 3266 ,
322 3205 421 3254 noete
445 3190 596 3254 Corduba
622 3189 793 3276 profectus
818 3187 880 3265 est,
910 3191 950 3254 ad
976 3195 1147 3256 Caesarem
1175 3191 1218 3252 de
1243 3213 1282 3285 pa

325 3275 447 3336 iturum
473 3274 648 3336 simulans:
684 3286 829 3350 ceterum
857 3274 1004 3371 perfugit
1031 3273 1066 3334 ln
1094 3273 1282 3336 Celtiberrar

325 3355 457 3438 ibique,
479 3357 623 3440 repertis
644 3354 796 3427 latebris,
819 3357 991 3418 latrocinio
1011 3373 1047 3418 se
1061 3355 1227 3416 toleravit.
1262 3355 1282 3413 ll

324 3455 423 3502 versa
442 3439 550 3501 Cnseo
569 3437 701 3500 fortuna
719 3438 793 3499 luit.
837 3442 867 3500 ls
894 3439 1034 3522 primum
1061 3455 1102 3498 cx
1126 3437 1216 3509 acie,
1247 3455 1280 3498 ee

325 3532 394 3580 tum
418 3519 649 3604 quinquaginta
670 3519 855 3604 equitibus,
886 3519 1118 3602 peditibusque
1134 3519 1248 3601 paucis
1267 3537 1282 3577 c

326 3601 469 3675 mitratus,
492 3621 558 3662 non
575 3599 667 3684 prius
682 3602 812 3664 remisit
825 3601 945 3684 lugam,
968 3617 1063 3685 quam
1074 3599 1232 3677 Carteiam
1247 3619 1282 3682 ps

327 3685 484 3760 venillet,
514 3681 635 3744 Munda
654 3681 822 3747 distantem
839 3683 982 3746 millibus
1002 3683 1144 3767 palleum
1160 3682 1282 3742 ducent:

328 3801 668 3824 tu--fi-—n-

328 3869 436 3997 ull·
453 3869 536 3996 aq
552 3845 649 3996 llll.
662 3869 854 4004 ttae
871 3867 1282 3998 tutatuta.

326 3979 394 4132 qm:
413 3959 541 4094 dpqpian.
560 3978 629 4093 Diti.
649 3960 832 4092 bbthdeB'.
844 3959 945 4136 Hirpi).
965 3979 1121 4091 CspflaVl.
1142 4007 1218 4088 Plus.
1235 4007 1282 4060 Au

349 4083 414 4134 ell.
432 4082 515 4150 llrsp.
541 4082 670 4152 llpprsn.
691 4081 767 4163 ΜΗ..
787 4082 873 4164 duct.
913 4098 930 4133 s
945 4083 981 4135 B.
997 4081 1080 4160 llrsp.
1100 4077 1227 4203 Appias.
1247 4073 1282 4128 Pl

327 4149 502 4230 Caquvll.
522 4149 606 4204 Aust.
626 4150 661 4204 de
675 4151 711 4204 B.
726 4151 810 4224 Hisp.
832 4151 903 4210 Dto·
921 4151 1006 4210 Flor.
1023 4147 1119 4206 Cuma

1153 4143 1212 4202 au.
1226 4145 1282 4214 rs,i

261 4239 264 4252 ·
305 4269 313 4278 ,
328 4215 458 4290 Appiam.
482 4217 570 4276 Aust.
585 4214 673 4304 de'B·
688 4218 776 4294 Hispa
