2624 4688
233 320 284 384 ut
306 317 463 382 LOCUM
482 255 565 384 Iulli.
587 319 655 384 CX.
677 318 794 388 LlVll.
971 319 1013 384 bd

12 545 67 584 tam
82 521 118 583 ad
130 521 268 590 llumen
279 529 465 615 Bagradam
478 530 675 612 progreilus‚
691 527 905 594 exscensione
916 529 1011 603 laetu,
1043 533 1078 590 U.
1094 549 1120 586 c.
1134 531 1199 599 7⁰³·

11 605 92 666 rastra
105 607 211 670 locat.
245 613 331 676 inds
352 613 392 674 sd
409 613 605 696 exploranda
623 612 721 674 castra
739 605 890 681 Cornelia
903 611 1012 690 (nohi-
1043 602 1123 672 Ml.
1136 609 1182 670 49·

11 691 114 748 litatem
137 711 345 778 nomenque
367 695 441 756 loco
463 695 587 777 prioris
605 693 751 756 Africani
774 693 943 776 expeditio
962 694 1013 754 le·

12 773 102 847 terat)
120 792 202 832 cum
220 778 381 860 equitatu
399 777 519 860 pergit,
544 776 673 860 levique
690 777 821 860 proelio
839 775 935 838 vietis
948 780 1015 838 Nn·

13 851 108 922 nidis,
142 857 227 936 qui,
264 873 304 920 ut
331 873 435 920 tutum
459 855 636 940 ugrellibus
660 872 828 942 receptum
847 857 1015 930 facerent,

14 957 43 994 ex
55 931 163 996 rallris
179 939 272 1002 Vari
293 939 418 1025 oppido
436 939 617 1022 conjunctis
633 953 862 1012 excurrerant,
885 952 936 1012 et,
959 939 1017 1000 sd-

14 1031 93 1076 ventu
108 1018 301 1103 longarum
320 1023 450 1082 narium
469 1019 638 1095 audacior,
668 1021 861 1105 pronunciat
877 1020 1016 1084 navibus

12 1099 179 1174 ouer-ariis,
214 1121 310 1186 quae
335 1124 472 1164 numero
498 1103 633 1164 circiter
653 1105 812 1168 ducentae
833 1100 956 1165 stabant
974 1103 1016 1164 ad

13 1182 140 1255 l'dcam,
162 1203 222 1266 pro
243 1185 371 1266 hostibus
382 1185 414 1268 se
428 1185 595 1258 latiturum,
619 1193 667 1266 qui
685 1207 738 1246 reon
752 1187 889 1266 exemplo
906 1189 1015 1267 curtim

11 1282 36 1322 ar
55 1263 139 1342 castra
165 1269 316 1328 Cornelra
339 1267 511 1347 direxrffent.
554 1265 738 1352 Obsequuti
760 1281 835 1329 suut
853 1266 1013 1340 universi,

11 1349 254 1432 exercitumque
278 1349 434 1412 Curionis
457 1348 598 1410 omnium
617 1369 728 1410 rerum
749 1350 842 1432 copia
862 1350 1014 1432 replese7

11 1445 83 1487 runt.
124 1434 211 1490 illos
238 1432 367 1492 iterum
393 1433 425 1491 in
449 1429 545 1492 castra
569 1429 608 1490 etl
624 1431 803 1514 Bagradam
829 1451 864 1493 se
888 1434 1015 1516 recepit

13 1513 113 1582 Curio,
145 1513 233 1595 quia
261 1513 465 1587 adversarii,
491 1509 587 1576 cassra
606 1515 758 1576 Cornelia
781 1527 1015 1596 occupaturum

13 1593 176 1674 suspicati,
214 1617 324 1680 aquas
347 1615 474 1658 veneno
496 1595 696 1672 inlecer·ant;
720 1611 764 1669 et,
784 1595 1014 1656 acclamatione

13 1676 97 1735 totius
117 1679 305 1739 exercitus
324 1699 341 1738 a
366 1677 502 1762 pellatus
517 1677 705 1760 imperator,
728 1675 858 1761 postero
875 1679 929 1738 die
943 1697 1014 1738 mo·

12 1771 60 1816 ret
68 1758 220 1832 Uticam,
247 1773 285 1821 et
303 1699 401 1821 cedre
418 1779 522 1844 prope
541 1759 697 1842 oppidum
714 1759 818 1842 ponit.
863 1758 1013 1822 Nondum
1086 1791 1089 1800 λ

13 1839 156 1919 perfectis
178 1843 368 1926 operibus,
391 1839 428 1902 fir
445 1839 568 1904 certior
586 1840 691 1902 adelle
707 1861 821 1926 magna
836 1843 939 1904 Jubae
960 1861 1012 1902 re-

13 1921 54 2000 gis
77 1923 231 1998 auxilia,
259 1925 452 2007 Uticemque
479 1923 550 1984 'sine
575 1922 693 1984 timore
721 1943 874 2008 pergere.
910 1923 1013 2007 igitur

13 2005 167 2084 equitibus
188 2007 347 2067 immillis
365 2005 427 2066 bos
446 2001 616 2076 disturbat,
639 2018 672 2066 et
688 2025 836 2090 magnum
855 2003 1013 2068 interficit

12 2085 142 2166 peditum
172 2107 377 2160 nnmerum,
407 2087 544 2171 quitum
564 2086 720 2152 celeriter
741 2091 776 2150 in
798 2087 955 2176 oppidum
977 2105 1013 2146 se

13 2169 151 2250 recipere
172 2169 415 2254 nequiverant.

61 2275 179 2338 cvm.
207 2273 280 2337 Sed
296 2275 567 2360 proximarum,
590 2293 689 2360 quum
706 2274 916 2338 centuriones
924 2279 1011 2338 Mar·
1044 2297 1114 2366 Ep„
1128 2297 1201 2349 mm.

15 2355 34 2413 si
58 2355 119 2418 duo
147 2378 233 2419 curn
261 2357 347 2418 mani
373 2357 515 2420 ularibus
545 2357 669 2440 aliquot
694 2357 734 2419 sd
752 2357 874 2420 Varum
897 2357 1064 2440 perse-m
1085 2369 1187 2418 soltici-

14 2438 133 2516 gillent,
162 2443 204 2500 in
226 2459 323 2524 spem
341 2379 398 2502 iile
416 2441 525 2513 venit,
547 2452 651 2502 toturn
670 2439 837 2522 corrumpi
857 2441 1010 2502 Curlonis
1024 2447 1125 2516 ΜΨ,
1146 2435 1183 2486 ⁶¹¹

15 2523 188 2582 exercitum
208 2521 315 2605 polle.
357 2523 476 2606 Igitur,
501 2519 628 2584 eductis
645 2519 848 2604 legionibus,
871 2536 907 2584 ut
924 2505 1205 2583 inrertffl‘l'm·
1267 2559 1272 2568 ι

16 2621 42 2660 se
61 2617 90 2662 et
111 2605 307 2666 Curionem
330 2623 390 2672 una
414 2617 536 2665 tantum
560 2603 652 2664 vellis
672 2603 856 2677 interellet,
885 2617 1013 2664 tentare

14 2685 122 2746 milites
143 2705 214 2769 per
233 2687 311 2746 Sex.
326 2683 520 2766 Quintilium
531 2685 653 2748 Varum
669 2685 797 2768 coepit,
820 2684 929 2770 quib.
944 2685 1012 2745 Do·
1087 2701 1091 2707 “

14 2767 84 2825 uitii
101 2765 265 2850 quaestor
282 2765 322 2826 ad
339 2765 518 2830 Corfinium
537 2766 654 2828 luerat.
689 2769 810 2851 lgitur,
832 2781 928 2829 notos
946 2765 1011 2830 sibi

15 2851 226 2910 centuriones
255 2847 444 2932 militesque
468 2847 686 2934 compellans,
718 2869 750 2909 ur
768 2853 804 2910 ad
826 2855 903 2928 prius
913 2851 1011 2934 sacra-

15 2949 123 2988 nesuus
141 2931 296 3002 redirent,
321 2930 530 3006 obsecrabat,
553 2930 791 3012 relinquerentque
810 2931 889 3005 illos,
911 2951 928 2990 a
947 2936 1010 3013 qui·
1053 2971 1056 2980 ·

15 3009 56 3066 tu
75 3015 148 3092 capri
171 3031 208 3093 pe
243 3019 407 3095 agarumin
426 3012 737 3085 aemulabuntur,
768 3033 795 3072 er
814 3031 863 3093 per
876 3011 1011 3111 summam

16 3093 201 3154 :maestam
234 3092 592 3155 mmccbslonctcrrnnu·.
625 3091 791 3156 Postremo
803 3095 1010 3178 largitionem

18 3193 76 3234 sse
94 3190 127 3237 ct
143 3178 187 3236 Ρ.
205 3173 298 3237 Attio
318 3171 471 3250 ostentat,
502 3175 531 3238 si
548 3175 716 3260 prioribus
736 3176 881 3259 partibus
900 3177 1010 3259 conci-

16 3257 138 3319 lientur.
176 3257 324 3320 adhaec
341 3271 488 3319 neutram
505 3259 539 3318 in
556 3271 680 3340 partem
698 3256 936 3340 significatione
953 3279 1011 3322 vo·

17 3335 142 3402 luntatis
162 3338 270 3412 sucu,
293 3339 457 3418 exercitus
476 3341 511 3400 in
528 3337 625 3402 callra
644 3339 772 3402 reducti
792 3353 877 3402 sunt.

70 3449 157 3508 uix.
190 3445 259 3510 Sed
277 3447 392 3509 tentati
410 3445 547 3508 militurn
569 3445 665 3507 enimi
686 3445 784 3508 callra
798 3445 952 3509 Curionis
970 3445 1010 3506 ti·
1041 3453 1103 3506 lude
1113 3465 1199 3507 uerus

19 3549 101 3590 nore
121 3543 157 3591 et
177 3529 369 3613 suspicione
388 3529 642 3611 compleverant.
685 3533 782 3600 Nam,
810 3529 922 3624 paucis
941 3549 1009 3588 mu-
1022 3523 1206 3610 lfftssllrlffls·

18 3613 83 3672 tatis
101 3611 368 3684 centurionibus,
394 3609 493 3672 iidem
512 3610 646 3672 ordines
664 3611 886 3694 manipulique
903 3631 1012 3671 mane·
1024 3607 1121 3646 ''⁰³¹¹'’
1204 3675 1208 3684 ,

19 3693 103 3766 bant,
126 3695 307 3778 quales-eo
326 3707 473 3776 tempore
490 3692 638 3776 luerent,
661 3713 760 3776 quom
777 3691 818 3754 ad
833 3687 1012 3754 Corfinium

21 3779 187 3838 sCaesare
207 3787 424 3860 caperentur:
445 3789 616 3858 praeterea
635 3795 738 3857 genus
759 3789 828 3836 erat
846 3775 1013 3836 hominum

23 3878 53 3915 rx
73 3858 269 3942 municipiis
288 3855 445 3941 Pompeio
469 3855 710 3930 addictissimis,
742 3857 871 3939 Peligni
894 3857 1013 3918 Marsi·

25 3961 85 4021 que.
130 3941 226 4002 llaec
243 3941 351 4000 omnia
370 3959 437 4000 non
454 3959 566 4022 parum
589 3957 719 4021 magnas
737 3937 873 4000 timendi
891 3939 1012 4000 cenlles

25 4022 224 4096 adserebant,
256 4037 290 4085 et
310 4021 399 4108 quod
423 4019 594 4104 superiore
614 4034 730 4096 nocte,
759 4019 846 4082 inter
870 4019 1014 4081 translu-

51 4215 121 4288 Csp.
133 4214 228 4272 nvn,
247 4211 377 4286 Appiae.
396 4211 505 4269 Lucan.
522 4207 549 4280 4,
566 4209 627 4270 655.
647 4209 730 4267 Caes.
752 4205 882 4281 Appien.
902 4203 988 4264 Caes·
