2588 4688
174 338 389 406 tumebat
411 339 495 402 LlB.
520 340 635 406 cxvt.
658 337 773 408 LlVll.
916 341 982 406 'aad
1068 390 1073 401 ,

688 479 971 494 *¹*-

27 554 115 639 qoibua
130 548 160 613 lli
183 565 250 614 atus
268 549 431 612 bellorum
450 563 599 634 tempore
618 548 745 624 lucrat,
774 573 793 614 a
815 573 851 614 se
874 571 981 616 remo·
1014 549 1163 618 ommno.

26 639 71 696 rit,
86 575 212 698 colludas
228 633 380 717 corporis
400 635 447 696 uti
466 633 686 704 adscisceret,
712 634 825 695 amieis
847 647 982 698 m'onen·
1012 617 1093 676 3⁰·
1108 623 1155 688 4⁵·

24 720 104 786 tibus,
121 717 287 798 multisque
306 737 342 778 se
362 715 579 778 ollerentibus
598 713 637 776 ad
657 713 818 790 officium,
844 739 983 800 respon-

26 799 74 870 dit,
85 797 155 880 fruel
169 805 237 858 mori
250 797 408 880 praestare,
429 821 510 880 quum
522 797 631 880 semper
647 801 753 858 timere.
796 800 891 860 Dicta
909 821 983 882 gra-

25 883 91 942 riora
106 880 257 952 inhibere,
281 901 376 964 quam
395 879 573 950 vindicare,
595 879 718 941 maluit.
760 883 795 940 ln
814 881 933 966 quibua
950 895 985 946 et

22 969 53 1024 A.
69 964 202 1024 Caecinae
230 961 535 1025 criminosissimum
564 961 699 1034 librum,
736 976 769 1024 et
789 967 832 1024 Μ.
848 965 984 1026 Otacilii

22 1045 133 1105 Pitlolat'
148 1045 288 1106 carmina
307 1043 606 1108 maledicentillima
627 1063 732 1128 aequo
755 1059 788 1108 et
806 1045 897 1108 cirili
916 1047 985 1108 eui.

22 1127 146 1188 motulit.
395 1144 398 1157 ¹
820 1131 825 1151 ¹

66 1249 98 1310 V.
121 1245 182 1310 Sed
197 1246 278 1310 baec
296 1261 359 1310 tam
375 1247 511 1332 pulchra
530 1263 562 1312 et
577 1241 733 1324 laudanda
749 1249 918 1334 plerisque
934 1251 983 1312 in·
1017 1253 1147 1328 aaaron

23 1330 136 1390 solenter
160 1331 355 1414 usurpandis
379 1346 594 1416 corruperat,
624 1331 768 1393 inomni
792 1333 984 1396 celebritate
996 1327 1155 1380 ''Manli‘-

22 1413 213 1496 triumphalem
236 1409 351 1474 vellem
372 1411 515 1487 indutus,
540 1415 729 1496 laurumque
749 1429 910 1498 perpetuo
929 1402 985 1498 'ge-

22 1491 97 1554 lans:
121 1515 182 1578 quo
201 1509 307 1556 tamen
327 1495 453 1556 bonore
473 1495 622 1558 laetatum
643 1495 719 1556 iiico
737 1499 916 1582 praecipue
936 1499 986 1560 lc·

23 1591 92 1648 runt,
121 1576 204 1660 quod
225 1575 354 1639 molesta
376 1591 409 1639 et
433 1574 530 1640 dictis
552 1577 692 1640 obnoxia
711 1577 856 1641 calvitiei
874 1578 987 1642 delor-

23 1660 93 1718 nitas
116 1663 161 1720 sic
186 1661 368 1741 tegebatur.
410 1659 478 1722 Sed
504 1661 610 1744 ipsum
638 1659 822 1724 occultandi
852 1660 988 1724 studium

24 1740 121 1822 patebat
147 1741 402 1804 obtrectatorum
431 1741 533 1821 jocls;
572 1755 605 1804 el
628 1739 716 1826 quod
744 1743 911 1808 aVenere
932 1767 989 1806 sua

21 1821 201 1906 praecipuum
224 1821 348 1884 loa-mae
372 1824 473 1885 decus
500 1823 651 1907 adeptum
678 1844 752 1888 sese
780 1827 872 1904 credi
898 1827 988 1890 vole·

23 1905 77 1979 bat3
94 1920 120 1966 et
137 1904 178 1966 de
196 1905 343 1968 maximis
364 1905 548 1990 quibusque
566 1907 709 1988 nogotiis
728 1907 841 1972 literas
858 1910 989 1974 Vebere

22 2001 113 2127 {lm
127 1987 335 2072 obsignabat,
357 1987 441 2051 hanc
458 1989 652 2074 insculptam
667 1989 786 2052 annulo
798 1991 921 2078 gestare
935 2011 989 2054 so-

32 2084 89 2132 llus.

70 2177 115 2240 Vl.
134 2175 209 2238 Fuit
230 2175 318 2238 enim
336 2173 451 2240 statura
469 2177 609 2252 excelsa,
633 2179 747 2242 colore
766 2173 917 2248 candido,
939 2189 989 2238 te·
1019 2200 1137 2256 mam

22 2257 120 2320 ratibus
136 2257 309 2332 membris,
330 2279 389 2322 ore
407 2259 517 2344 paullo
535 2261 701 2342 pleniore,
725 2260 831 2344 nigris
846 2258 987 2340 regetis·
1001 2273 1132 2342 carpam.

22 2359 68 2420 que
86 2342 193 2402 oculis.
237 2340 370 2414 Sedet,
401 2342 491 2406 cultu
514 2341 649 2404 notabili
672 2341 899 2406 commendere
919 2339 989 2402 fors

21 2441 83 2482 uam
96 2422 239 2496 studens,
259 2424 322 2504 jam
342 2425 420 2486 olim
437 2443 503 2486 non
519 2426 698 2488 evitaverint
715 2423 869 2486 dicteria:
890 2441 990 2506 quum

22 2519 44 2564 et
61 2505 143 2568 rubei
162 2505 286 2568 coloris
310 2505 396 2568 velle
419 2519 585 2582 uteretur,
618 2507 783 2590 (qualem,
814 2505 917 2566 Albae
937 2525 990 2566 re·

21 2588 94 2668 gibus
113 2587 228 2672 gellani
249 2589 395 2662 solitam,
422 2589 495 2671 ipse
514 2589 575 2652 luli
594 2607 697 2672 genus
720 2585 875 2651 credebat
894 2583 934 2646 ad
954 2605 991 2648 se

21 2671 181 2750 pertinere)
200 2682 233 2730 et
255 2667 396 2734 lluxiore
419 2675 583 2742 uinctura,
613 2672 760 2755 inquam
780 2665 991 2732 memorabile

22 2751 164 2814 dictatoris
180 2753 290 2814 Sullae
313 2751 435 2814 dictum
458 2751 537 2824 luit,
560 2753 813 2836 deprecantibus
834 2771 895 2834 pro
911 2751 991 2810 Cae·

24 2854 76 2894 sare
91 2836 209 2908 amicis,
231 2853 325 2895 caum
343 2833 459 2913 jubens
471 2833 543 2894 'reale
555 2839 738 2917 praecinctum
750 2853 875 2917 pueram.
899 2831 991 2894 Unde

23 2931 45 2974 et
59 2917 183 2988 Cicero,
205 2913 275 3000 poll
296 2917 394 2978 civile
416 2914 536 2978 bellum
557 2919 798 3000 interrogatus,
825 2911 991 2999 quomodo

24 2997 46 3056 ia
62 2999 213 3138 demone
234 2999 338 3083 partia
360 2998 514 3074 errallet,
544 2979 760 3074 l'raect'ncrura,
792 2997 919 3080 inquit,
950 3017 991 3056 nte

20 3088 62 3162 jaje
82 3085 112 3141 t't.

67 3203 128 3266 vlt.
151 3203 218 3266 Sed
235 3203 317 3268 baec
335 3218 428 3269 erant
464 3203 602 3280 raebie,
626 3223 708 3290 quac
726 3213 917 3288 sequnntur,
940 3215 991 3264 to·
1022 3207 1175 3264 utente.

24 3281 153 3348 lerabilia.
184 3292 263 3352 Nam
288 3309 329 3350 ue
345 3289 429 3351 sacri
455 3289 528 3360 ciis,
551 3285 794 3359 certaminibus,
816 3285 912 3346 donis
927 3284 992 3344 cir·
1005 3279 1185 3362 ”froom
1208 3313 1212 3322 ·

25 3385 49 3426 ca
66 3371 163 3431 omnia
187 3309 306 3454 temrila
333 3385 366 3433 et
390 3373 462 3434 loca
488 3370 616 3454 publica
639 3389 700 3452 per
723 3368 865 3450 singulae
886 3347 1151 3428 tribos'fflm'l·

25 3451 181 3514 colebatur:
205 3451 341 3514 delubra
357 3471 488 3538 quoque
503 3452 669 3536 complura
687 3451 719 3511 ei
734 3445 997 3512 decernebantur
1010 3489 1015 3502 ·

26 3537 300 3596 senatusconsulto:
324 3535 535 3620 eamdemque
554 3534 729 3606 insaniam,
753 3531 792 3594 ad
813 3532 996 3615 exemplum
1071 3603 1077 3624 ι

26 3613 110 3688 urbis,
140 3617 289 3678 civitates
307 3639 471 3702 regesque
491 3615 573 3678 socii
591 3615 805 3676 insaniebant.
847 3617 921 3698 lpse
939 3612 996 3674 Li-

26 3691 132 3759 baretor
150 3698 341 3772 vocabatur,
365 3701 469 3760 relato
487 3699 521 3758 in
540 3695 636 3762 lullus
654 3698 803 3760 nominet
824 3697 997 3780 templum·

27 3797 71 3858 qao
85 3781 241 3842 Libertati
256 3781 423 3872 locabatur
440 3781 582 3868 publice.
624 3783 829 3842 Praenomen
843 3781 996 3860 imperato·

26 3904 339 3926 *ru—naun*

27 3967 171 4094 balim
181 3971 253 4094 (fabe.
267 3969 394 4026 adram.
413 3969 606 4096 Plutitcml)
632 3944 754 4094 (siculi.
773 3965 796 4022 Α
822 3965 905 4090 pilli
923 3965 996 4086 SAac:

26 4057 85 4173 nl,
98 4059 206 4174 stat,
220 4059 298 4174 ill:
312 4046 479 4183 “eblo
508 4059 632 4165 §.itta
659 4051 996 4168 &attestatosat

26 4183 71 4230 ἴση.
92 4181 158 4236 Dio.
183 4182 310 4238 Sueten.
333 4189 363 4235 et
385 4181 453 4236 Dio.
478 4179 615 4234 Maerob.
641 4177 702 4232 Sat.
721 4193 751 4240 a,
770 4177 797 4229 3.
839 4172 910 4246 Cap.
925 4171 994 4232 Vll·

29 4244 124 4310 lactan.
142 4251 227 4310 Caes.
242 4255 289 4324 qo.
309 4249 378 4322 Dio,
396 4249 416 4310 l.
431 4251 477 4358 ital.
496 4248 625 4340 bppiau.
644 4248 769 4306 Pautuu.
785 4239 805 4300 l.
821 4240 849 4302 d·
