2654 4682
227 349 267 398 ss
314 334 518 422 maman.
531 295 1195 428 smetsnanroauuusstxxtv.

142 551 206 608 7⁰²3
285 551 356 612 xtt.
378 549 455 620 Hoc
468 567 509 612 eo
521 545 717 632 pertinebat,
739 559 775 608 at
788 545 1220 632 etsuammodessiameom-

135 612 205 668 ‘⁶⁰’
225 631 411 708 mandaret,
443 644 475 692 et
495 625 652 690 invidiam
670 628 795 688 faceret
815 629 962 700 Caesari,
987 630 1043 711 qui
1059 649 1102 692 ne
1122 627 1220 694 linito
1244 678 1247 689 ,

226 713 359 796 quidem
373 709 515 792 irnperio
533 707 720 768 decederet.
762 711 840 770 Mox
859 708 899 770 ad
913 708 1028 770 urbem
1046 731 1145 792 quum
1160 731 1222 773 ve·

225 793 338 866 niffet,
362 791 396 852 in
413 787 558 851 eamdem
577 788 769 849 sententiam
784 790 948 872 loquutus,
971 793 1042 850 idem
1055 796 1137 850 etiam
1174 791 1222 850 la-

225 895 285 935 cere
302 873 428 956 Coefitri,
460 867 665 943 adfirmabat,
693 869 750 950 paul
771 889 812 930 tot
833 871 987 931 exantlatos
1007 889 1058 952 pro
1079 809 1220 951 repuhica

225 955 350 1028 labores,
371 957 552 1014 uictoriarum
564 950 682 1032 suarum
697 954 827 1032 praeustis
843 955 874 1010 in
890 951 995 1014 urtam
1011 957 1084 1028 otio,
1105 955 1222 1016 tonari-

226 1035 345 1120 lutque‚
366 1055 395 1095 et
406 1033 586 1118 sacerdotiis,
601 1031 670 1114 frui
684 1031 860 1117 destllerauti.
955 1087 957 1096 ,
1023 1044 1025 1048 ’

58 1153 216 1220 Sedafiutt.
289 1145 374 1222 Xlll.
405 1137 471 1203 Sed
488 1135 631 1201 astutiam
653 1135 722 1217 ejus
740 1137 840 1200 Curio
860 1142 1026 1224 coarguit,
1057 1141 1224 1224 siquidem

39 1224 213 1306 wingis-
228 1246 269 1304 eo
293 1226 372 1288 effet
398 1223 520 1294 animo,
551 1216 653 1282 statim
679 1217 847 1302 deponere
874 1221 1062 1306 potestatem
1085 1221 1223 1303 jubens:

40 1295 335 1404 segardun0.1,0que
354 1305 419 1370 hod
433 1323 551 1387 agere,
574 1315 624 1390 ut,
648 1301 723 1386 ipso
742 1302 906 1366 retinente
925 1307 1117 1389 imperium,
1141 1307 1224 1367 Cae-

229 1412 295 1454 sart
313 1387 476 1452 succeffor
495 1384 650 1446 mittatur.
683 1381 863 1466 postremo,
886 1402 998 1470 aperte
1018 1387 1165 1450 invectus
1187 1387 1226 1448 in

227 1471 379 1554 Pompeii
394 1465 614 1552 qupiditatem,
639 1464 706 1560 nisi
720 1485 805 1527 nunc
821 1481 910 1530 metu
922 1471 1072 1533 Caesaris
1088 1489 1126 1530 eo
1151 1481 1228 1532 atur

229 1555 264 1616 in
280 1551 441 1624 ordinem,
463 1567 636 1632 numquam
655 1545 775 1608 demde
794 1549 955 1612 abiturum
973 1551 1112 1635 imperio
1128 1489 1228 1614 dioti-

230 1635 327 1700 tab'at.
368 1633 478 1704 ¹Idcr'rco
487 1629 543 1711 sats·
560 1627 669 1710 placere
688 1631 800 1688 decerni
810 1671 819 1703 ,
849 1636 891 1690 uti
908 1633 984 1696 ambo
993 1633 1077 1716 saioul
1091 1635 1146 1693 oclr'
1164 1637 1228 1692 ianr

226 1715 403 1802 succeffores:
435 1715 547 1793 utique,
576 1707 630 1789 uifl
650 1709 787 1771 colostrati
805 1710 921 1794 fissurus
946 1718 1114 1794 paruerint,
1140 1651 1227 1790 [oller

214 1788 410 1880 ³judirentur3
432 1793 599 1875 legionesque
614 1789 775 1871 scribantur
797 1792 833 1852 ad
852 1793 962 1856 bellum.
1004 1799 1075 1858 Hac
1096 1808 1229 1860 senten·
1325 1809 1326 1814 ’

98 1885 101 1892 ’
205 1875 208 1884 ’
231 1881 276 1942 tia
297 1877 434 1941 maxime
456 1875 540 1937 texit
560 1871 724 1946 fraudem,
755 1887 791 1934 ut
813 1879 991 1960 aequaliter
1014 1879 1170 1940 animatus
1191 1879 1230 1938 in

233 1975 426 2054 utrumque,
447 1975 555 2040 neque
575 1967 702 2096 emqnus
725 1977 743 2015 a
763 1957 920 2032 Caesare,
943 1959 1146 2024 crederetur.
1184 1961 1233 2022 At

119 2083 123 2092 .
233 2045 427 2126 pompejus,
452 2059 549 2124 supra
566 2057 619 2096 mo
645 2057 696 2095 um
713 2035 869 2110 irritatus,
895 2061 970 2104 cum
984 2044 1093 2105 multis
1113 2041 1147 2102 in
1165 2043 1233 2106 Cu-

234 2125 362 2188 rionem
378 2122 494 2194 minis,
518 2119 558 2181 ad
577 2117 759 2180 suburbana
776 2119 908 2204 praedia
926 2144 962 2186 se
979 2125 1117 2210 recepit.
1199 2191 1202 2198 Ι

66 2242 113 2302 Et,
123 2235 224 2306 sequid
296 2231 383 2298 XIV.
405 2231 548 2294 Senatus
563 2225 625 2306 jam
636 2239 809 2310 utrumque
822 2245 1008 2324 suspectum
1019 2229 1142 2292 habere
1154 2249 1236 2294 eoe-

46 2321 141 2364 w‘m
159 2309 222 2359 ΟΜ·
237 2327 345 2400 perat:
374 2307 603 2374 modestiorem
625 2323 733 2371 tamen
755 2311 945 2395 Pompejum
968 2311 1148 2394 judicabat,
1175 2326 1231 2386 et,

47 2377 223 2430 ’ΝΜ
238 2415 332 2482 quam
351 2393 431 2455 eiiet
447 2390 658 2474 contemptim
676 2412 693 2450 a
709 2391 847 2454 Caesare
863 2395 998 2458 consule
1014 2395 1155 2468 babitus,
1176 2416 1236 2456 re-

48 2458 225 2574 :subnixa
238 2475 445 2544 certabatur.
486 2472 590 2556 Igitur
613 2471 708 2533 multi
730 2491 768 2532 ea
790 2471 823 2532 in
845 2475 1004 2538 sententia
1022 2489 1133 2550 erant,
1166 2497 1236 2540 nou

49 2568 113 2640 mſs
238 2575 313 2624 ante
337 2553 547 2618 dimittendos
569 2553 764 2648 aPomqejo
789 2556 973 2630 exereitus,
1004 2581 1098 2643 quam
1114 2560 1237 2622 Caesar

238 2642 411 2728 provincia
430 2635 627 2712 dceeffiiiet5
659 2656 749 2718 quus
769 2637 947 2702 absentiam
968 2655 1002 2702 et
1018 2641 1155 2724 spiritus
1173 2640 1238 2701 rni-

239 2745 300 2786 nus
327 2721 442 2786 civiles
469 2715 692 2782 vehementius
740 2717 1022 2796 erborresoebant.
1065 2721 1237 2784 Adversus

239 2805 301 2870 bos
351 2821 426 2864 uum
450 2799 623 2886 pugnando
650 2741 736 2860 nihil
757 2798 896 2864 efficere
916 2803 1015 2866 Curio
1039 2806 1159 2888 pollet,
1190 2825 1237 2866 ne

241 2825 426 2972 quidlorte
444 2895 557 2945 contra
575 2883 746 2944 Caesarem
766 2881 1018 2966 decerneretur,
1050 2906 1111 2968 pro
1131 2886 1238 2948 tribu-

240 2969 321 3030 nitia
344 2963 498 3050 potestate
526 2976 673 3029 senatum
696 2963 830 3028 dimisit.
880 2971 961 3027 Tum
984 2967 1124 3052 primum
1146 2967 1238 3029 serio

241 3049 378 3112 doluiss'e
397 3044 591 3130 Pompeium
611 3043 736 3118 ferunt,
769 3045 857 3132 quod
886 3067 956 3110 eam
983 3045 1187 3132 potestatem,
1219 3071 1241 3111 a

243 3131 331 3196 Sulla
345 3126 582 3214 propemodum
597 3125 758 3201 abolitam,
781 3128 971 3192 restituendi
989 3144 1102 3192 auctor
1119 3131 1241 3194 iuiss'et.

241 3211 334 3276 Nihil
354 3211 455 3294 igitur
476 3208 663 3280 decretum,
687 3209 752 3270 nisi
769 3212 893 3292 singalas
913 3213 1029 3295 legiones
1049 3212 1195 3294 aCoefiare
1209 3233 1241 3271 er

243 3294 372 3376 Pompejo
393 3297 423 3351 in
437 3293 546 3366 Syrium
563 3292 600 3350 od
614 3290 744 3352 Bibulum
761 3293 835 3353 nutri
845 3325 861 3366 ,·
874 3312 990 3376 propter
1006 3293 1168 3355 Paniscus
1182 3293 1243 3354 bel-

247 3377 304 3438 lum
323 3372 499 3456 amplioribus
518 3377 601 3452 copiis
619 3391 746 3454 egentem.
940 3405 942 3410 ·

62 537 133 598 Um.

58 610 97 666 Δ.
110 609 132 668 G

73 3491 235 3562 ttuaetegts-
309 3483 380 3570 KV.
414 3483 486 3544 Non
508 3477 640 3540 fallebat
662 3477 833 3541 Caesarem
857 3480 920 3544 boc
945 3481 983 3544 ab
1006 3481 1147 3544 inimicis
1170 3483 1254 3565 agi,¹

60 3563 284 3626 „exarassemus
301 3561 422 3626 duabus
442 3563 514 3647 ipse
533 3561 563 3622 le
589 3557 719 3620 ionibus
738 3581 752 3620 s
779 3561 945 3624 oliaretur.
968 3561 1090 3648 quippe
1102 3565 1247 3648 Pompe-

61 3633 318 3726 ²“'⁶c⁶“⁶·jus,
352 3665 444 3728 quam
471 3640 540 3727 post
584 3641 676 3703 itus-ii
700 3581 822 3703 cladem
841 3643 881 3704 ad
900 3645 1070 3708 Caesarem
1091 3646 1245 3722 miserat,

63 3717 103 3755 η·
250 3741 408 3809 tamquam
435 3746 474 3786 ex
499 3744 559 3786 suo
582 3741 717 3784 numero
739 3723 845 3788 dabat.
887 3729 1008 3789 Tamen
1034 3742 1066 3790 et
1090 3729 1171 3790 bane
1190 3749 1247 3790 re-

229 3867 232 3874 .
250 3809 340 3870 misit
357 3808 591 3878 incunctanter,
615 3818 648 3866 et
665 3823 706 3865 ex
721 3805 789 3868 suis
804 3807 945 3892 quintam
964 3811 1132 3884 decimam,
1151 3831 1249 3894 quam

248 3891 284 3952 in
300 3890 404 3954 Gallia
423 3889 580 3952 citeriore
600 3883 767 3948 habuerat.
803 3889 962 3954 militibus
987 3891 1131 3955 ducenos
1152 3893 1251 3976 quin.

252 3992 416 4058 quagenos
435 3969 588 4034 denarios
609 3967 696 4053 dono
716 3968 817 4032 dedit.
860 3973 931 4036 Hos
955 3975 1011 4059 qui
1029 3975 1247 4047 adduxerant,

282 4160 359 4244 neap.
377 4161 457 4216 xiv.
484 4155 559 4220 Dio,
578 4157 600 4212 l.
617 4159 662 4222 4ο.
688 4159 765 4212 Plut.
793 4159 897 4240 lffomp.
919 4169 949 4215 et
967 4160 1053 4219 Caes.
1089 4164 1161 4234 Cap.
1180 4164 1247 4222 XV.

252 4231 331 4288 Etrt.
351 4227 387 4284 de
400 4231 434 4283 B.
449 4225 528 4284 eat.
542 4227 570 4284 Β.
594 4225 673 4282 Plut.
690 4237 720 4283 et
734 4229 866 4302 Apptan.
