2610 4696
315 308 376 372 aaa
399 287 602 372 raarnsa'.
616 257 1266 378 mruurmnroaouumnxrn

145 521 290 590 ibe-709·
313 536 430 585 'oturus
456 531 526 580 arat
545 515 689 588 Callias,
710 516 788 576 nisi,
821 535 859 575 ro
888 535 928 576 eo
951 518 1087 600 reg‘ulus
1108 519 1266 602 gentisllp

146 592 184 648 Α·
196 589 285 658 cdd.
317 614 564 668 canus'centum
582 600 698 660 talenta
718 537 861 659 misildet.
905 599 1079 660 Profectus
1096 602 1176 660 enirn
1189 617 1241 662 erat
1258 617 1264 641 ⁵

317 683 525 756 Palaestinam
540 682 673 752 Cellius,
696 680 743 740 uti
757 679 943 740 venientem
961 701 1000 740 ex
1012 683 1158 765 Aegypto
1172 683 1254 765 legata

316 767 507 832 Dolabellae
530 767 569 825 A.
590 763 753 824 Allienum
775 777 961 844 occuparet.
1006 767 1035 824 ls
1050 765 1251 826 Alexandrial

316 851 448 934 gionum
494 860 608 907 uatuor
628 843 724 911 instar
740 823 935 918 Leucatan,
966 845 1028 905 reli
1055 847 1124 907 uias
1142 849 1254 930 Pompei

293 867 642 1010 ascendensque
662 925 781 986 cladis:
805 940 858 986 aut
880 945 918 986 ex
939 927 979 988 iis
1001 946 1041 988 co
1068 927 1203 997 ortibus,
1223 951 1254 1011 qu

289 1073 291 1084 ,
316 1012 401 1097 apud
423 1011 627 1092 Cleopatram
652 1009 831 1090 reliquerat
854 1009 983 1068 Caesar.
1013 1031 1121 1092 neque
1141 1031 1226 1069 ausus
1241 1032 1261 1068 a

315 1115 433 1158 versus
449 1103 524 1154 octo
539 1091 687 1173 legiones
702 1089 920 1160 contendere,
942 1109 1013 1150 cum
1030 1087 1175 1152 exercitu
1190 1093 1253 1151 int

269 1180 272 1190 “
318 1177 360 1239 sii
388 1189 497 1258 partes
519 1173 658 1233 transiit.
707 1171 814 1242 llaec,
843 1189 917 1232 ante
938 1177 1045 1232 Nonas
1063 1173 1194 1232 Martias
1218 1188 1254 1231 art

204 1291 207 1298 =
342 1259 444 1320 erscri
471 1255 515 1318 sit
532 1255 564 1317 in
584 1253 696 1314 urbem
712 1253 834 1315 Cellius
854 1251 1039 1328 excestria,
1063 1274 1146 1336 quae
1165 1255 1195 1314 in
1214 1269 1274 1338 opp

317 1281 362 1402 do
377 1280 541 1401 Galilaeae
552 1335 734 1410 ¹Tarichaeas
755 1350 919 1418 posuerat.

146 1477 306 1534 cunano.
380 1463 434 1523 Xl.
465 1458 539 1520 Pott
559 1479 703 1520 mensem
726 1457 863 1532 deinde,
895 1459 1097 1522 Dolabellam
1118 1459 1264 1522 inCilieia

133 1548 308 1604 tabellamdu-
320 1545 435 1608 venire
453 1541 607 1613 audiens,
636 1539 771 1602 dimiilis
790 1542 859 1602 sine
877 1541 992 1618 injuria
1007 1543 1101 1603 Bello
1117 1543 1264 1622 Crispoqu

133 1623 182 1674 ‘lb
318 1633 353 1688 'et
381 1609 409 1686 si
437 1625 492 1708 qui
520 1636 689 1708 praeterea
717 1641 847 1684 manere
874 1623 1110 1706 gravabantur,
1144 1625 1259 1704 clallisq

298 1769 302 1778 ,
318 1702 524 1792 praefectura
536 1708 647 1765 Murco
665 1703 791 1776 tradita,
816 1705 932 1766 eodem
952 1703 1086 1766 instituit
1103 1705 1233 1772 doecre,
1251 1726 1262 1762 a

301 1793 307 1806 “
320 1803 390 1852 ctus
403 1789 497 1848 etiam
507 1785 653 1870 ,equitum
666 1786 905 1868 sagittariorum
919 1787 1028 1870 aliquo
1041 1807 1189 1856 numero,
1205 1787 1253 1868 qui

318 1871 468 1941 Parthis,
492 1889 584 1952 quum
605 1867 689 1950 apud
712 1882 840 1950 gentem
862 1867 944 1930 sama
963 1883 1031 1930 erat
1050 1869 1247 1936 elarillirnus,
1275 1876 1276 1883 ’

319 1973 391 2014 eum
408 1964 575 2015 venerant.
618 1953 711 2022 Tum,
735 1951 877 2030 cognito,
901 1951 1026 2012 clallem
1042 1949 1259 2012 Dolabellaee

318 2035 353 2095 in
369 2034 493 2104 Cilicia,
517 2033 620 2114 ipsum
641 2032 697 2094 ille
711 2032 915 2106 Laodiceam,
939 2033 1055 2096 eodem
1076 2052 1149 2094 curu
1165 2031 1261 2092 omni

320 2117 425 2206 copiis
445 2113 488 2175 att
504 2113 684 2198 proiectus.
722 2161 729 2170 .

151 2267 307 2324 Mam„
381 2241 449 2300 Xll.
483 2237 614 2321 Quippe
638 2237 825 2310 Dolabella,
862 2235 930 2321 poll
954 2236 1164 2299 interfectum
1188 2235 1297 2296 Treba-¹

131 2343 213 2394 uires.
320 2319 426 2392 nium,
456 2321 587 2390 tributis
604 2319 702 2383 Asiae
726 2321 890 2381 civitatum
906 2320 1041 2382 'clallem
1062 2340 1079 2381 a
1097 2319 1236 2380 Rhodiis
1251 2312 1298 2396 Lyl

321 2404 466 2486 eiisque,
490 2415 585 2486 atque
601 2422 619 2464 e
635 2401 819 2485 Pamphylia
838 2415 870 2464 et
884 2402 1053 2473 Cilicibus,
1076 2421 1177 2484 opera
1198 2403 1234 2460 L.
1248 2403 1298 2459 Lu·

316 2485 384 2554 citii
404 2483 529 2566 Figuli,
553 2483 704 2546 mercede
727 2483 943 2546 conduxerat:
974 2482 1162 2565 Syriamque
1179 2482 1298 2564 Figulat

315 2565 469 2637 uatibus,
508 2565 674 2627 Dolabella
703 2563 845 2648 pedestri
877 2565 997 2626 itinere
1027 2584 1097 2626 curn
1127 2564 1298 2647 legionibus

317 2647 440 2710 duabus
457 2647 620 2729 petebant.
664 2649 799 2709 Animos
820 2649 940 2708 Tarsus
958 2661 991 2709 et
1007 2646 1169 2708 Laodicea
1187 2645 1298 2716 dabant,

315 2731 396 2794 haec
417 2731 503 2790 inter
527 2729 674 2790 insivnes
695 2729 806 2809 Syriae
828 2730 993 2802 civitates,
1027 2729 1081 2790 illa
1103 2729 1241 2790 Ciliciae
1262 2747 1298 2786 ea

316 2825 385 2898 put.
430 2810 495 2872 Sed
522 2812 569 2871 cla
599 2833 626 2872 rs
652 2810 689 2870 ad
713 2813 869 2891 Corycum
895 2812 1005 2872 clauso
1027 2821 1125 2893 portu
1145 2829 1182 2871 se
1200 2811 1298 2874 tenuit,

320 2913 416 2978 qunm
438 2913 506 2952 earn
526 2891 567 2974 Q.
583 2891 704 2953 Cellius
728 2907 885 2976 sequutus
905 2893 1001 2968 ellat3
1033 2889 1168 2963 deinde,
1193 2891 1257 2952 hoc
1272 2887 1298 2948 ad

320 2973 416 3036 castra
438 2973 532 3036 Callii
550 2973 712 3056 prolecto,
736 2974 892 3034 'l'urulius
910 2971 1057 3118 <praelior
1075 2995 1147 3036 cum
1166 2973 1298 3034 navibus

320 3075 398 3138 quas
420 3075 502 3116 anno
524 3057 695 3138 superiore
711 3055 838 3116 Tullius
857 3057 926 3118 Cim

318 3149 463 3221 pararat,
487 3155 616 3197 cursum
639 3137 877 3218 praecluderet.

150 3265 306 3332 camp„
380 3241 464 3304 Xlll.
493 3243 535 3306 At
553 3241 739 3318 Dolabella,
763 3245 992 3320 Tarsensium,
1017 3243 1138 3306 deinde
1157 3243 1296 3306 Laodice

131 3335 168 3390 nd
188 3332 288 3384 Lnoctr'-
321 3343 436 3384 norunt
454 3321 620 3402 juventute
638 3325 827 3398 centuriata,
851 3329 1014 3388 exercitus
1029 3325 1125 3388 inllar
1141 3326 1237 3388 lecitt
1260 3326 1296 3386 de

78 3429 79 3434 ¹
131 3417 214 3458 ceam.
320 3403 468 3488 jactaque
493 3407 713 3487 parte·muri,
746 3403 844 3468 castra
867 3408 989 3492 oppido
1012 3409 1202 3484 conjunxit:
1234 3407 1298 3492 poll

322 3501 433 3629 quam,
457 3485 620 3570 praesidio
639 3489 734 3550 Callii
752 3489 835 3571 apud
857 3492 982 3572 Aegeas
1001 3490 1136 3551 Ciliciae
1157 3491 1298 3551 civitatee

346 3567 468 3642 ejecto,
495 3567 533 3627 ab
549 3567 742 3630 Antiochiae
764 3573 1004 3654 oppuvnatione
1028 3591 1100 3632 cum
1121 3571 1298 3633 detrimenti

322 3649 463 3728 rejectus
483 3648 674 3746 aliquoties,
708 3651 827 3712 deinde
849 3617 999 3716 desertus
1020 3653 1052 3713 in
1074 3655 1197 3715 itinere
1215 3675 1231 3713 a
1250 3653 1298 3735 ple

321 3732 435 3818 risque
457 3731 787 3796 militibusdstaticts
810 3733 927 3796 luerat.
970 3735 1153 3810 Laodicea,
1182 3735 1217 3796 in
1240 3754 1298 3819 pen

320 3859 657 3875 m

343 3921 428 4004 ‚Cap
446 3919 482 4000 Χ.
508 3919 576 3973 Dio.
599 3920 726 3992 Appian.
755 3921 818 3976 cte.
839 3921 914 3976 Plril.
936 3937 978 3988 rt,
997 3939 1039 3977 rt.
1059 3931 1089 3976 et
1107 3921 1149 4004 ¹³:
1175 3923 1246 3977 Dio.
1267 3920 1298 4002 dy

318 3987 781 4140 atr-,ttrfttt·.rt·
802 4001 892 4132 tt:
907 3990 1298 4133 ,tamt-,tatur

321 4127 490 4256 ἕξιῗέοχὶῑι.
508 4129 577 4184 Dra.
596 4129 666 4185 Tae.
683 4128 761 4186 Anu.
780 4131 820 4200 13,
838 4129 867 4189 Β.
887 4127 955 4185 Dio.
979 4127 1043 4185 Cic.
1062 4127 1100 4186 ad
1114 4129 1200 4185 Fam.
1221 4147 1260 4200 ra,
1278 4133 1298 4196 rt

951 3077 988 3118 er
1007 3057 1042 3118 iu
1058 3055 1211 3139 Bithynia
1229 3073 1298 3116 com«
