2610 4696
297 323 360 404 438
386 317 1252 392 FREINSH.SUPPLEMEN'I'ORUMLiuAEXllel.

818 459 865 469 ..-

128 529 164 588 u,
178 545 277 594 mtto·
299 528 481 592 retulimus.
524 529 613 590 Inter
626 526 708 590 haec
722 525 893 600 militibus,
916 524 991 588 cium
1006 525 1044 587 ad
1059 547 1189 612 pugnaui
1201 529 1258 590 eii·
1278 500 1279 540 l

128 599 164 656 Α·
178 595 215 652 ⁶·
228 602 274 665 ll·
300 625 435 684 cuntur,
457 609 617 696 Aethiope
635 608 669 668 in
686 623 781 694 porta
797 609 960 681 occurrit,
983 607 1091 694 estque
1106 611 1189 672 illico
1203 633 1260 696 pro·

60 715 67 726 ¹
129 669 221 726 om*
234 669 285 752 [Ρ
299 706 375 778 pter
391 690 550 758 tristitiam
568 691 687 754 ominia
706 691 745 752 ab
765 690 857 753 iratia
872 691 1012 753 occisus.
1054 692 1106 754 Ait
1121 691 1194 753 liaeo
1208 713 1260 753 eia·

111 736 285 796 mmm
298 795 489 871 meunaputn
510 775 543 836 in
562 775 666 862 prima
684 773 791 856 aquila
808 772 913 835 aedita
937 785 971 836 et
988 793 1007 833 e
1025 773 1161 870 brachio·
1176 789 1280 870 centn-3

299 876 422 930 rionia,
456 875 646 940 quamquam
675 875 773 942 aaepe
802 869 1048 937 extergentur,
1079 869 1263 942 pertinaciter

300 937 428 1004 nudavit
444 932 577 1025 liquoi,
599 952 799 1022 unguentum
817 937 912 1021 quale
926 934 964 1000 iit
978 957 997 1000 e
1011 937 1100 1001 rosia
1115 938 1236 1021 spirans.

360 1045 478 1110 thtl.
499 1047 569 1108 ,lam
588 1065 671 1106 nona
689 1043 878 1107 sermediei
893 1043 975 1106 liora
990 1055 1072 1116 erat,
1095 1065 1186 1129 quum
1200 1043 1281 1120 inter¹

299 1125 453 1192 adversae
472 1127 559 1191 uciea
574 1127 701 1212 aquilae
717 1126 798 1189 duae
818 1147 889 1188 com
914 1137 1088 1196 aruerunt,
1111 1139 1264 1212 pugnantes

297 1209 458 1282 invicem,
488 1229 679 1292 nummoque
703 1211 846 1272 omnium
868 1149 1001 1271 cilentio
1021 1221 1197 1290 spectatae,
1223 1205 1264 1269 ‹lc-

293 1301 359 1356 tiee
375 1291 476 1363 vieta,
501 1291 719 1378 quaeaBruti
732 1290 841 1354 cestria
851 1289 1061 1377 precelleret,
1083 1287 1178 1372 fugit.
1204 1293 1265 1351 Tun

297 1371 509 1444 venuleius,
533 1372 658 1456 ingenti
675 1373 801 1436 sublato
813 1373 965 1444 clamore,
985 1371 1055 1431 irru
1080 1385 1184 1434 crunt.
1204 1375 1282 1456 Bru,

297 1467 333 1522 to
350 1453 522 1522 concilium
538 1475 666 1543 pugnae
682 1455 785 1539 megin
801 1455 969 1540 magisque
980 1392 1185 1536 displicebat,
1203 1454 1282 1538 quod*

297 1556 405 1620 neque
423 1537 552 1601 videret
568 1537 601 1600 in
621 1538 783 1608 exercitu,
830 1557 901 1600 uem
920 1533 1062 1623 optabat,
1083 1535 1269 1608 alacritatem,

174 1649 179 1658 ·
299 1631 333 1682 et
351 1619 404 1683 rin
423 1619 552 1704 quidam
571 1617 692 1694 fortia,
713 1559 896 1682 cumulatus
913 1617 1063 1691 nominc,
1093 1633 1219 1702 praeter
1233 1620 1269 1702 ip.

299 1721 369 1766 tum
381 1703 518 1765 Brutum
530 1715 746 1775 transvectus,
769 1700 809 1762 ad
827 1699 932 1764 helles
950 1721 985 1762 ae
1000 1697 1040 1762 ad
1064 1701 1196 1763 licail'et.
1221 1701 1269 1762 Sed

297 1802 363 1844 non
384 1796 454 1846 erat
475 1783 612 1866 amplius
633 1782 863 1846 deliberationi
883 1784 985 1849 locus.
1020 1721 1160 1856 iicirco,
1180 1785 1283 1870 paucis'

297 1862 487 1930 cohortatus
505 1885 594 1938 euos,
617 1866 820 1952 monituque,
843 1887 876 1926 ne
888 1865 995 1950 longius
1012 1883 1028 1922 a
1045 1870 1214 1926 munimentis
1227 1868 1271 1924 dn·

297 1946 458 2019 cederetur,
488 1967 541 2029 quo
559 1967 586 2008 er
603 1965 727 2030 receptus
739 1950 855 2031 fecilior
873 1950 1054 2029 epropinqno
1071 1943 1149 2018 Ioco,
1178 1965 1204 2008 er
1217 1947 1273 2008 viti.

297 2027 362 2086 dior
379 2038 417 2124 'tri
439 2029 523 2112 tostis
547 2033 664 2118 impetus
689 2051 724 2093 ex
740 2029 884 2118 sinperiore
898 2029 996 2116 foret,
1028 2029 1193 2116 proelium
1213 2028 1284 2120 του-ξ

298 2123 413 2176 terunt.

50 2271 54 2287 ,
118 2217 285 2277 eruenti-
365 2217 451 2282 xix.
482 2219 584 2281 Multa
617 2217 782 2304 utrimque
818 2217 918 2284 caede
950 2229 1128 2360 pugnatum
1161 2213 1274 2278 conlati

108 2295 190 2346 tim·
298 2295 463 2362 obstinatia
491 2301 588 2362 utrim
614 2321 655 2364 ue
684 2301 817 2374 animis,
857 2321 955 2386 quum
981 2311 1106 2360 uteros
1134 2299 1231 2363 fames
1253 2311 1285 2378 et,

296 2381 468 2444 ueoeliitaa
499 2381 601 2444 adcen
627 2396 719 2456 eret,
757 2385 879 2448 alteros
908 2380 1035 2480 pudor,
1073 2401 1117 2442 ne
1151 2396 1183 2445 et
1209 2401 1277 2446 auin·

295 2462 395 2552 paiss'e
414 2475 539 2526 temere
557 2465 739 2547 proelium,
768 2480 802 2530 et
819 2467 984 2548 ignaviter
1004 2459 1185 2527 austiuuiss'e
1203 2463 1278 2526 iide-

293 2555 420 2606 rentur.
462 2548 585 2608 Bruttia
609 2565 682 2608 cum
704 2546 773 2620 hia,
798 2568 880 2632 quos
902 2565 1011 2610 aecum
1028 2543 1188 2622 habebat,
1215 2545 1278 2607 aini-

293 2622 391 2690 strum
409 2623 545 2690 hoilium
565 2647 669 2692 oonnu
690 2627 829 2714 impulit.
864 2641 914 2700 et,
942 2627 1095 2710 gnaviter
1118 2628 1278 2708 adjuranti-

217 2765 220 2772 ,
292 2706 355 2771 bue
369 2707 553 2852 eguitibua,
577 2710 706 2776 ieciilet
723 2731 844 2796 operae
861 2709 1020 2796 pretium,
1043 2709 1078 2770 ni
1092 2711 1281 2796 reliquorum

415 2801 544 2854 eacrtus
562 2791 664 2854 soret.
707 2795 806 2868 Nam,
837 2794 893 2878 qui
919 2791 953 2852 in
977 2791 1070 2852 laevo
1097 2791 1170 2872 ejua
1195 2793 1280 2852 latere

293 2788 500 2944 iiliterenn
522 2872 593 2956 post
612 2893 720 2937 ocrem
739 2895 899 2960 pugnam,
929 2873 1123 2960 relinquere
1145 2873 1279 2946 ordines,

295 2951 452 3040 deterere
469 2956 578 3038 signa,
603 2955 766 3040 postremo
779 2955 919 3019 coniess'a
933 2954 995 3034 jam
1007 2955 1085 3050 iuga
1097 2977 1112 3016 a
1139 2957 1210 3039 argi
1220 2975 1281 3017 coc-

294 3050 425 3122 perunt.
467 3039 511 3098 Et
523 3038 663 3100 victoria
701 3039 773 3102 rior
783 3040 879 3116 Bruti
894 3037 995 3100 cladis
1009 2979 1194 3115 huluaiere
1206 3058 1282 3099 caus·

296 3137 331 3178 aa
351 3131 382 3179 at
406 3139 446 3180 ue
469 3117 599 3182 initium
620 3059 752 3184 exstitit.
795 3119 945 3206 Quippe,
975 3133 1149 3204 questum
1173 3121 1227 3184 ille
1244 3122 1283 3178 ri·

296 3210 387 3262 cerat
426 3197 525 3269 oilea,
548 3201 701 3287 plerique
720 3201 955 3266 occubuerant:
986 3215 1018 3262 at
1034 3202 1196 3276 cantani,
1218 3201 1283 3263 victi

296 3281 397 3344 iidem
410 3283 608 3368 secretique,
630 3299 698 3346 tum
712 3303 844 3382 quoque
858 3283 1043 3348 retinebant
1057 3281 1227 3370 pristinum
1239 3305 1285 3367 pa·

296 3381 428 3437 rorem,
459 3385 566 3449 eoque
583 3367 745 3450 reliquam
761 3381 859 3430 ctiam
878 3367 982 3432 eciem
999 3365 1050 3432 sui
1066 3365 1200 3434 timoris
1218 3387 1283 3430 cou-

296 3440 569 3536 ileriiationiaque
590 3449 809 3534 complebant·

131 3577 275 3634 cnm„
360 3549 432 3615 XX.
454 3551 504 3616 lbi
523 3554 618 3618 inulti
635 3555 782 3642 insignes
799 3557 864 3620 viri
878 3556 1004 3620 strenue
1018 3553 1196 3642 pugnando
1210 3573 1285 3616 nior·

109 3645 364 3702 uirorumue-tem
385 3635 525 3708 mereri,
556 3657 651 3720 quani
673 3639 1049 3725 supereffe'ileploratae
1071 3638 1284 3723 reipublicae,

109 3717 222 3772 teritus·
297 3717 493 3779 maluerunt.
526 3717 616 3780 inter
640 3739 724 3804 quoa
749 3735 784 3784 et
801 3721 965 3795 Uticensis
989 3720 1075 3784 iilius
1096 3724 1197 3793 Cato,
1227 3713 1285 3802 poli

297 3799 465 3886 egregiam
474 3819 625 3905 pugnam,
640 3801 825 3894 crebroque
835 3805 995 3894 repetitos
1008 3801 1193 3879 conflictus,
1207 3801 1285 3864 deu·

214 4063 219 4070 ,
333 4009 407 4082 Cap.
425 4011 519 4068 xv11.
539 4009 599 4068 Jul.
617 4011 728 4090 Obacq.
754 4015 835 4076 Flor,
851 4017 886 4084 4,
899 4031 927 4085 7.
954 4014 1082 4094 Appiae,
1106 4015 1184 4075 Plut.
1221 4013 1284 4085 Gap.

298 4081 409 4168 livill.
432 4081 560 4154 Appiae.
582 4083 747 4140 Dio.1'lut.
768 4085 900 4168 Appiae.
918 4083 998 4143 Plut·
1035 4085 1107 4158 Gap.
1124 4085 1204 4142 xtx.
1223 4083 1278 4164 Ilio.

294 4149 860 4294 έιιῖιῗοὲτᾶζῖιορὲοά.1ἶιιιίἱλρριεη.
879 4153 957 4214 Plut.
993 4153 1067 4233 cap.
1084 4156 1146 4214 XX,
1166 4155 1283 4232 Appian-
