2628 4692
338 287 412 354 ess
439 258 641 380 ranctttsri.¹
654 252 1066 359 smraamaroaua
1079 283 1268 362 nutent.

185 491 219 546 tt.
232 507 258 544 ο·
270 490 330 558 'tti-
341 491 430 560 ‚eirca
443 485 597 562 'civitates
614 491 775 564 mittebat,
798 505 832 554 ut
849 457 964 586 peribo
987 497 1133 578 regulum
1150 497 1302 582 inteiliga-

177 557 313 618 motu
344 588 427 642 rent,
469 579 608 656 Namque
625 576 714 654 Syri,
744 576 899 640 Pacorum
917 573 1050 654 pullities
1068 597 1106 640 ao
1124 579 1302 642 clementiae

343 655 491 725 nomine,
519 657 684 736 plusquam
712 655 804 722 alium
833 656 930 720 ullum
958 676 1087 740 regem,
1120 657 1302 742 diligentes,

342 755 539 820 nequaquam
559 736 719 796 deserturi
739 735 802 796 nisi
824 749 981 796 mortuum
1003 739 1204 808 videbantur.
1250 743 1301 804 liis

342 819 501 898 receptis,
533 816 565 876 in
583 819 814 898 Commagenen
834 815 947 876 duatus
964 821 1141 892 exercitus,
1162 821 1301 893 Parthos,

344 917 424 980 quos
450 895 690 978 eoconlugill'e
714 897 869 967 diximus,
899 917 961 958 non
983 900 1128 970 tradente
1142 903 1302 972 Antiocho.

335 975 403 1038 'sual
421 977 493 1060 plus
514 975 692 1044 celebratae
713 979 800 1060 regis
823 997 901 1060 opes
921 981 1082 1050 avaritiam
1100 981 1244 1050 ventidii
1262 981 1303 1048 lli·

342 1058 514 1128 mularaut,
548 1071 582 1124 ut
606 1058 765 1124 Samosata
794 1058 964 1125 obsidione
991 1061 1168 1124 clauderet.
1218 1063 1302 1136 lade,

343 1139 416 1224 quia
438 1139 517 1202 nibil
534 1139 593 1218 jam
615 1139 779 1223 indigebat
797 1153 844 1199 tot
861 1141 1062 1222 legionibus,
1092 1143 1169 1204 duas
1189 1163 1257 1214 cum
1273 1167 1304 1206 e-

343 1221 486 1303 quitibus
512 1221 617 1294 mille,
649 1221 813 1282 Machaona
839 1211 937 1294 duce,
963 1223 1002 1292 ad
1020 1223 1185 1286 Herodem
1206 1225 1301 1296 misit,

316 1315 320 1322 ·
343 1321 413 1364 cum
430 1303 590 1386 Antigono
608 1301 790 1376 bellantem.
832 1297 897 1368 Sed
912 1303 1106 1382 Machaona,
1119 1305 1192 1388 plus
1211 1305 1302 1368 damni

342 1382 473 1456 amicis,
496 1403 587 1466 quam
606 1380 764 1454 bollibus,
795 1381 983 1456 inserendo,
1009 1386 1112 1446 movit
1131 1386 1302 1457 Herodem,

342 1475 378 1526 ut
403 1461 441 1523 ad
463 1465 634 1533 Antonium
658 1476 867 1557 properaret,
897 1485 989 1546 quem
1014 1467 1133 1528 venille
1153 1465 1304 1536 Samosata

342 1559 554 1626 compererat.
596 1545 725 1628 Quippe
738 1543 905 1608 Ventidius
924 1544 1074 1615 ollerenti
1093 1547 1181 1610 mille
1199 1549 1305 1609 talenta

342 1625 555 1708 Commageno
577 1645 685 1722 pacem
709 1625 784 1688 dare
806 1645 869 1695 non
889 1639 958 1686 erat
978 1648 1089 1698 susus,
1120 1627 1303 1710 probibente

342 1707 503 1782 Antonio3
539 1727 613 1790 qut,
645 1707 702 1773 'am
726 1705 808 1766 baud
830 1705 928 1788 longe,
950 1722 1107 1776 semotus,
1140 1731 1230 1769 suum
1250 1710 1302 1778 boc

342 1786 446 1848 videri
466 1807 546 1870 opus
563 1729 707 1859 volebat,
738 1806 799 1848 neo
824 1807 882 1868 per
899 1787 1081 1859 Ventidium
1103 1789 1207 1848 omnia
1229 1788 1302 1862 lieri.

240 1893 241 1903 ¹
345 1866 411 1929 Sed
430 1865 563 1940 obselli,
585 1889 663 1951 pace
678 1867 863 1952 desperata,
886 1867 1001 1929 lortius
1017 1867 1250 1952 repugnantes,
1270 1891 1303 1932 eo

342 1947 467 2010 tandem
490 1947 665 2032 adegerunt
684 1948 896 2018 obsellorem,
928 1963 981 2020 ut,
1010 1949 1156 2033 adneptis
1185 1953 1302 2014 talentis

346 2031 523 2102 trecentis,
554 2043 587 2090 et
612 2029 734 2091 duobus
760 2027 925 2090 admodum
950 2027 1116 2093 obsidibus
1138 2051 1205 2092 non
1222 2033 1303 2092 valde

347 2109 540 2181 illustribus,
563 2107 803 2196 adquiesceret:
824 2109 968 2172 concello
985 2112 1128 2186 ticillim,
1152 2127 1187 2174 ut
1201 2113 1304 2173 abln-

267 2255 270 2263 ,
347 2191 457 2257 tiocho
476 2189 601 2274 quidam
617 2190 815 2266 Alexander,
836 2191 892 2278 qui
909 2192 1123 2278 transfugerat
1142 2192 1184 2263 ad
1200 2195 1303 2265 Roma-

347 2293 426 2346 nos,
449 2271 675 2344 occideretur„

201 2429 321 2487 Venuli
407 2427 508 2490 XXV.
528 2430 596 2494 Jam
608 2425 961 2496 dimiseratVentidinm
972 2429 1141 2503 Antonius,
1160 2444 1303 2513 tamquam

168 2503 388 2572 *lrflsmu‘ad
412 2508 507 2568 trium
532 2507 625 2582 bum,
660 2529 754 2605 qpem
780 2511 958 2582 meruisset:
995 2525 1137 2572 ceterum
1168 2512 1302 2580 felicitati

348 2589 417 2671 ejus
436 2588 495 2650 hau
534 2589 670 2652 obscure
683 2589 854 2658 invidebat.
883 2611 987 2676 nequa
1003 2590 1201 2676 pollmodum
1218 2612 1302 2680 opera

347 2684 410 2733 tam
425 2670 501 2738 boni
517 2669 608 2742 ducis
623 2693 700 2734 usus
715 2669 775 2744 ell,
803 2693 988 2756 quamquam
1003 2673 1044 2733 ob
1058 2673 1126 2735 e‘us
1141 2671 1226 2758 geba
1239 2694 1301 2754 sup.-

347 2752 537 2836 plioationes
559 2753 620 2814 sibi
645 2751 901 2836 triumphumque
922 2757 1041 2815 Romae
1066 2695 1232 2818 decretum
1255 2773 1302 2814 no·

346 2847 448 2898 terat.
491 2833 555 2894 Sed
567 2833 675 2895 eadem
688 2835 750 2916 ipsi
765 2853 893 2916 quoque
908 2833 1034 2896 decreta
1044 2835 1201 2898 Ventidio
1214 2847 1300 2902 emat.

372 2913 689 2984 ensalleCrsllianatn
708 2913 847 2984 cladem,
870 2918 994 2980 Pacoro
1010 2915 1206 2988 interiecto,
1225 2916 1302 2980 sida·

348 2937 458 3058 batur:
501 2993 697 3080 addebatque
723 3009 913 3058 momentum
938 2997 1064 3080 aliquod
1093 2996 1300 3067 admirationi,

311 3145 313 3153 Α
349 3077 437 3162 qnod
457 3075 566 3144 eadem
587 3077 639 3138 die
663 3097 715 3138 res
735 3089 868 3219 utrapue
888 3075 969 3160 gella
989 3078 1167 3148 dicebatur.
1216 3077 1302 3162 lgitrt

258 3215 260 3228 ,
350 3159 473 3241 primus
492 3156 545 3220 bio
565 3159 703 3220 omnium
723 3157 785 3219 boc
825 3158 987 3227 ePartbis
1008 3159 1105 3226 decus
1124 3159 1252 3224 retulit,
1275 3169 1301 3216 et

350 3259 410 3304 suo
438 3237 565 3322 quidem
596 3259 674 3302 aeto
702 3241 807 3312 solus,
851 3238 1002 3302 exilincto
1035 3241 1127 3322 prius
1155 3239 1297 3308 Antonio,

350 3342 444 3406 quam
464 3320 627 3383 decretum
647 3319 710 3382 sibi
726 3321 917 3406 triumphum
936 3321 1077 3382 duceret.
1118 3325 1166 3390 lta
1182 3322 1218 3381 P.
1229 3321 1299 3380 vea-

349 3403 448 3471 tidios
466 3404 504 3463 P.
519 3403 556 3462 F.
582 3419 641 3485 pro
665 3403 796 3464 consule
822 3423 861 3463 ex
881 3405 986 3472 Tauro
1011 3415 1119 3472 monte
1139 3415 1174 3464 ct
1188 3399 1300 3471 Parthis

345 3481 554 3569 triumphavit
573 3496 645 3580 ante
663 3481 747 3544 diem
767 3484 910 3628 polutum
929 3479 1086 3550 Kalendas
1104 3481 1298 3550 Decembres,

347 3585 459 3649 magns
485 3562 693 3634 admiratione
715 3565 766 3646 pri
792 3565 874 3628 inem
902 3563 1038 3634 bominis
1060 3563 1220 3646 inmunem
1241 3580 1301 3622 cnm

348 3657 518 3730 praesente
539 3645 803 3728 comparentium,
832 3645 916 3730 quod
938 3645 1011 3728 qui,
1044 3645 1128 3712 sicut
1145 3643 1296 3706 Maduriut

347 3727 495 3802 tradidit,
517 3727 650 3802 iterum,
677 3729 776 3790 semel
792 3741 880 3794 certe
896 3723 1300 3822 triumpltol'ompejistta·

379 3935 454 4006 (lep.
471 3928 573 3995 XXIV,
593 3929 670 3989 Plus.
687 3930 806 4014 loseph.
822 3929 922 4005 lntiq.
938 3931 981 3995 si,
997 3947 1041 4002 sp.
1062 3940 1091 3986 et
1106 3928 1142 3986 de
1156 3931 1194 3987 B.
1208 3925 1298 4007 indat·

339 3999 872 4140 atriti.lltsff'lllatitrd‘
886 3999 1129 4138 1ti²da,.i:¹‘s.-
1141 3999 1227 4138 its:
1243 3998 1301 4120 lt

347 4139 442 4212 capit.
467 4135 544 4192 t’tin.
569 4133 696 4212 hthtll·
714 4141 757 4206 td,
771 4141 799 4206 4.
