2658 4686
169 335 211 398 tu
230 331 379 398 Locuu
399 331 481 394 mu.
501 333 671 398 cxxxsv.
692 335 804 402 mvn.
929 329 987 417 ⁶69

32 561 58 598 sa
72 541 113 596 isis
128 539 266 596 amnibus
280 547 391 596 eceant
408 547 436 597 et
451 542 618 596 contraria.
661 541 727 596 lam
742 543 872 608 primum
888 543 984 596 omni·
1015 545 1049 602 u.
1070 541 1166 618 inqua.

32 613 75 666 bus
91 611 118 662 in
137 627 231 664 unum
247 608 454 688 intuentibus,
481 608 535 663 ille
542 609 586 674 fit
605 624 720 663 morum
739 619 829 681 atque
846 612 925 664 uitae
940 630 983 666 rc·
1013 619 1049 672 A.
1061 619 1094 673 C.
1108 638 1152 690 sq.

31 679 102 752 gula:
119 680 160 731 sic
176 685 288 740 tamen,
308 685 338 730 ut
352 695 417 746 epus
429 679 504 732 vitia
520 680 731 748 caprimontur
744 680 844 750 uuigm
865 681 891 734 si
907 695 985 746 quae
995 704 1062 756 gnae
1075 691 1157 742 vireu.

33 753 80 804 sint
98 747 232 808 uirtutes,
257 763 310 802 eas
328 747 448 802 imitari
471 761 523 800 nec
550 747 666 818 possint
690 745 797 811 multi,
825 767 877 801 nec
890 749 958 820 sere
972 785 981 814 s
995 771 1034 810 tes
1048 775 1099 810 eun
1111 758 1158 808 tu.

32 819 72 889 qui
84 823 219 882 possunt,
239 815 392 878 audeant,
412 833 448 869 ne
463 813 623 868 uideantur
641 815 740 868 animi
755 817 979 884 magnitudine,
995 826 1163 880 tenuatum.

32 885 131 938 artibus
144 883 360 949 imperatoriis,
396 883 568 952 prudentia,
593 881 875 942 liberalitate.,cnrn
892 885 980 939 Prin·

33 956 82 1022 cipe
99 949 280 1006 contendere.
318 950 457 1016 indefit,
485 959 517 1005 ut
535 949 575 1006 ad
589 948 710 1022 publica
732 953 836 1007 munia
857 971 981 1024 segnes,
1006 996 1009 1006 .

33 1021 216 1090 uoluptatibus
232 1027 284 1072 aut
293 1027 416 1089 quaestu
428 1037 546 1074 amnem
559 1019 671 1074 indolis
684 1020 837 1093 ingenuae
847 1023 980 1094 uigorem

33 1091 165 1154 deterant3
191 1095 282 1162 atque
297 1087 544 1152 siccandiscant,
570 1088 785 1158 rempublicam
799 1087 915 1144 nullum
929 1109 981 1161 pu·

33 1157 129 1218 tundo,
147 1154 310 1214 domestica
334 1165 468 1226 spectare
484 1155 588 1222 lucra,
607 1165 634 1212 et
644 1155 826 1226 felicitatem
847 1157 982 1212 alienam

33 1225 118 1296 aegris
140 1224 237 1280 aculis
252 1227 381 1292 intueri,
407 1233 566 1297 tamquam·
586 1225 645 1280 sibi
671 1225 813 1290 decedat,
840 1225 982 1298 quidquid

33 1291 98 1362 apud
121 1291 200 1348 alias
221 1295 413 1360 conspicitur.
459 1295 546 1368 Qccae
567 1297 594 1352 si
617 1295 748 1363 priuatas
771 1293 982 1368 tantummodo

32 1365 193 1416 incessere-nt
207 1361 375 1427 molestiae,
385 1380 473 1432 quam
495 1381 566 1416 uam
580 1363 802 1432 saneiniquum
818 1373 894 1420 esset
911 1381 980 1416 can·

27 1429 126 1492 filetum·
149 1428 291 1501 populns,
316 1439 348 1486 ut
364 1449 442 1486 unus
461 1379 570 1501 diiqnis
589 1433 719 1485 suaviter
739 1451 774 1488 ac
789 1429 916 1486 delicate
940 1429 996 1486 tri-¹

32 1504 83 1562 ναῖς
94 1495 348 1564 fortassisauctur
360 1518 452 1557 essem
466 1519 526 1554 nan
542 1497 726 1554 amittendie
736 1497 885 1562 munibus,
904 1487 981 1570 qubtl

31 1566 143 1632 propitia
165 1565 221 1621 tibi
230 1565 358 1638 fortuna
382 1567 563 1624 contulisset.
600 1576 729 1638 ceterum
753 1567 794 1622 ad
812 1570 909 1636 ipsum
925 1569 980 1622 im·

30 1641 162 1702 peruntem
178 1654 266 1690 curas
279 1635 436 1701 infinitas,
459 1635 579 1692 labores
592 1635 802 1698 incredibiles,
820 1637 978 1702 inuidiam,

32 1704 103 1764 udin,
120 1701 253 1773 pericula
273 1709 339 1762 sine
355 1724 496 1768 nurnero,
515 1705 580 1760 sine
600 1703 704 1767 moda,
723 1707 871 1776 pertinere
883 1701 977 1761 uideo.

31 1771 169 1826 liittamus
183 1775 360 1844 praeterita,
380 1791 456 1844 quae
472 1773 499 1828 si
518 1771 574 1830 tibi
591 1775 667 1830 satit
672 1773 783 1844 felicia
796 1773 978 1837 uiderentur,

32 1857 78 1891 nan
99 1838 279 1898 deliberares
305 1843 338 1896 in
361 1843 554 1912 pruesentia:
580 1843 650 1913 quid
676 1851 852 1914 exspectare
870 1839 977 1914 paullo

31 1913 84 1978 past
98 1907 264 1976 debeamus,
282 1910 418 1978 adparet.
444 1911 584 1966 Urbanne
597 1929 644 1967 res
658 1929 766 1980 purum
782 1910 882 1966 adbuc
899 1929 977 1964 cum·

31 1975 145 2054 poqitne:
166 1977 259 2034 ltalia
272 1979 352 2034 uarie
366 1977 508 2034 turbata:
527 1977 975 2047 prouinciuealineinhaustue,

31 2041 97 2097 altae
111 2041 235 2100 dubiae:
252 2049 391 2104 nationes
408 2049 487 2102 circa
503 2045 622 2104 ualidae
633 2049 737 2102 armis.
757 2047 805 2102 bis
821 2065 977 2102 occursura

31 2107 107 2166 multa
120 2111 257 2180 deerunt,
279 2133 356 2188 quae
374 2135 434 2170 nun
446 2111 598 2187 facillime
615 2115 846 2184 comparaveris.

75 2205 150 2264 Xlll.
173 2217 242 2272 Are
266 2218 440 2272 nummaria
455 2216 580 2277 ordiar,
599 2231 674 2284 quae
692 2213 749 2269 tibi
765 2213 973 2283 entraordina·
1004 2211 1055 2264 lies
1070 2227 1143 2264 num·
1161 2239 1165 2258 ·
1196 2262 1201 2276 ,

31 2283 73 2336 riis
89 2285 257 2354 quaerenda
281 2286 421 2341 remediis
440 2285 513 2340 erit.-
543 2299 597 2336 nec
620 2285 700 2338 enim
723 2281 763 2336 ad
784 2287 827 2336 tnt
850 2281 1156 2347 utendos-sartami-

30 2357 157 2408 ecercitus
173 2353 309 2428 aleasque
325 2355 516 2408 necessitates
537 2351 699 2418 uectigalia
718 2349 821 2421 populi
842 2351 974 2412 Romani
987 2350 1069 2400 culter
1082 2366 1153 2429 unqe·
1170 2404 1172 2413 ,
1206 2406 1209 2415 Ι

30 2413 165 2490 sufficient.
204 2421 319 2478 liudem
334 2425 431 2493 igitur
446 2421 608 2477 necessitas
614 2417 723 2490 fuerit,
739 2421 873 2490 inquies,
892 2429 920 2474 et
932 2431 962 2474 re
986 2416 1091 2472 dictur.
1124 2463 1127 2471 ,

30 2495 117 2545 ctttcta
133 2489 298 2558 republica.
319 2491 414 2545 lmmo
435 2509 501 2546 uero
520 2487 611 2560 lange
625 2489 731 2558 dispar
744 2495 786 2543 est
801 2489 890 2544 ratic.
910 2497 976 2544 tum

31 2560 95 2610 enim
111 2579 169 2614 nan
187 2559 320 2630 defuturi
333 2565 430 2613 essent
453 2557 573 2622 diuites,
592 2559 642 2624 qui
655 2556 745 2612 laude
758 2555 975 2620 liberalitatis,

30 2635 71 2677 nut
86 2624 261 2691 bonoribus,
285 2623 388 2697 quales
412 2625 525 2682 liberae
542 2627 682 2680 ciuitntes
701 2641 754 2693 pru
776 2625 895 2678 meritis
919 2624 975 2678 luae

47 2713 108 2750 enus
121 2695 301 2764 rependunt,
329 2697 479 2758 contenti,
500 2695 659 2766 pecuniam
681 2689 849 2760 conferrent
871 2695 902 2746 in
922 2711 975 2760 pu,-

29 2709 137 2820 blieum:
155 2772 194 2829 et,
212 2765 240 2820 si
252 2763 367 2819 tributa
381 2759 714 2838 pupulaindiccrqntur,
733 2759 814 2816 bared
823 2763 974 2834 grauatim

29 2829 131 2900 quilibet
147 2853 165 2888 a
182 2851 213 2888 se
225 2831 309 2890 ubire
326 2847 461 2886 nummos
475 2837 639 2901 pateretur,
659 2847 731 2902 quas
751 2831 783 2886 in
800 2845 832 2884 rc
844 2845 974 2884 cummu-

29 2901 53 2951 αἱ
65 2899 117 2955 sibi
130 2919 239 2974 quaque
251 2907 371 2972 putaret
387 2897 568 2973 impendere.

74 2993 150 3058 ΚΝ.
175 3003 212 3058 ts
228 3004 261 3059 in
278 3019 372 3075 regna
387 3015 476 3054 rarus
492 3007 657 3058 ostentatur
671 3005 828 3071 upum'est,
847 3015 972 3071 quarum
1006 2997 1113 3053 rerem

28 3073 220 3144 magnitudine
242 3069 397 3126 stimulari
416 3083 501 3140 passe
520 3073 685 3126 auaritiam
707 3071 884 3141 potentioris
908 3071 970 3124 eci·
984 3069 1055 3120 mate
1068 3071 1128 3122 tete·

29 3141 128 3197 stimet:
162 3161 215 3196 nec
223 3138 311 3212 ferre
332 3137 409 3194 tales
434 3137 599 3208 largitores
618 3140 749 3211 principi
766 3136 858 3208 facile
870 3137 1086 3208 faret,rentur.
1151 3197 1152 3202 ,

27 3223 84 3328 qnos
99 3210 201 3279 fccvnee
230 3205 333 3284 populi
364 3203 495 3262 crederet
519 3207 560 3261 ad
591 3225 636 3262 res
657 3207 813 3261 micandas
837 3207 971 3262 incitari.

50 3275 136 3334 eibuta
160 3297 227 3333 uero
250 3277 363 3348 quoties
385 3275 577 3340 indicuntur,
601 3277 721 3344 publica
734 3274 831 3347 ferme
850 3273 971 3345 querela

28 3351 77 3398 est:
94 3365 214 3417 aequum
229 3348 309 3400 enim
323 3343 529 3417 putant,'suis
546 3353 611 3400 eum
619 3343 824 3414 facultatibus
842 3342 971 3399 tolerare

27 3423 143 3484 sumptus
155 3413 317 3488 quoslibet,
352 3412 393 3468 nd
406 3431 492 3482 quern
506 3428 544 3468 er
562 3421 624 3468 tota
644 3412 896 3484 imperiufructus
910 3429 971 3466 om·

28 3481 64 3532 nis
82 3487 218 3550 peruenit.
255 3481 359 3546 Adde,
382 3481 463 3552 quod
478 3483 574 3551 iniqui
590 3481 762 3552 plerumque
776 3479 970 3552 udccpiorutn

27 3567 262 3626 expensarumque
283 3557 440 3620 putatores
460 3559 539 3610 sunt
577 3550 691 3606 reditus
707 3551 787 3604 enim
796 3547 895 3620 ferme
918 3565 971 3603 na·

26 3627 85 3672 runt
97 3631 122 3676 et
138 3622 195 3680 ‹tttt
236 3629 301 3676 nter
317 3628 494 3674 numerante
518 3628 549 3673 at
562 3622 714 3690 impensas
730 3616 809 3674 alias
822 3619 856 3673 in
875 3625 972 3672 totum

26 3690 150 3756 nesciunt,
170 3711 188 3745 a
203 3693 252 3745 ias
267 3687 370 3748 mnlto,
390 3691 560 3756 quamsint,
580 3687 702 3744 leuiores
717 3695 826 3743 temere
835 3685 970 3742 credunt.

27 3753 93 3812 llaec
105 3775 162 3814 unn
182 3753 347 3831 difficultas
362 3763 418 3820 est,
445 3775 520 3828 quae
534 3775 634 3811 rerum
652 3755 788 3810 habenas
807 3761 972 3820 tenentem,

25 3822 115 3892 siquid
126 3827 291 3900 prospicio.
311 3827 434 3894 maenis
447 3829 543 3888 curis,
567 3827 662 3894 iisque
673 3823 903 3896 frequentibus,
922 3839 972 3877 ec·

26 3895 132 4018 ercebqt?
159 3897 219 4023 bride
235 3889 340 3956 ,nibilu
349 3895 420 3971 jum
444 3893 500 3952 erit
517 3893 616 3950 minor
631 3891 669 3949 de
688 3889 873 3968 judiciorum
890 3889 970 3946 urdi-

26 3975 96 4016 ucso
121 3967 190 4024 scitu
214 3970 241 4020 ὸ.
285 4023 290 4038 .

73 4055 136 4118 XV·
160 4065 352 4122 Fucinumsus
374 4066 454 4122 enim
476 4065 578 4134 puniri
598 4066 674 4120 sicut
696 4062 791 4118 ubiuis
810 4058 970 4114 neccssari-
993 4060 1168 4132 genennt,
1302 4109 1303 4126 ,

28 4147 81 4197 lm,
97 4140 137 4192 tta
153 4157 231 4194 nunc
244 4131 427 4212 berdifficile
440 4147 502 4202 est,
526 4148 598 4192 rnra
611 4141 691 4194 inter
707 4155 762 4191 nas
777 4131 967 4192 innocentia,
981 4132 1131 4186 minutissi-
1205 4172 1208 4183 ,
1301 4183 1302 4196 q

26 4205 291 4281 ”praepotentibus
309 4212 379 4266 reis.
412 4207 575 4266 'At-borum
593 4223 715 4264 caussas
732 4205 758 4260 si
773 4205 837 4276 ipse
860 4216 968 4274 cogna-
979 4201 1160 4270 siutespofite.

524 4387 528 4415 i
