2654 4682
346 309 390 392 aa
426 305 1312 398 ananan.smrnnnuuroauanmnxxvr

103 499 107 508 .
177 515 212 644 H
229 535 256 645 ἓ
270 519 333 657 74004.
348 533 485 596 cenent..
511 523 612 595 Nam,
636 521 726 662 sioult¹
744 519 793 614 illi
812 537 920 616 mare,
943 520 988 584 ita
1007 535 1128 619 terram
1150 519 1314 619 inpotell

148 649 152 668 '
316 603 683 770 stratura
699 603 1314 771 11gltltl?⁵32⁰„t'1ttlt‘tltttt‘¹l

186 777 337 837 mettun
349 791 406 834 ves
425 768 609 830 facultatem
627 766 731 828 dabat.
774 765 866 827 Unde
887 781 919 830 et
937 773 980 832 Μ.
1001 767 1159 843 Bibulus,
1189 789 1291 854 quum
1312 791 1314 828 1

120 879 123 888 ¹
160 862 245 909 m·
316 873 318 882 ¹
348 873 472 924 summo
491 849 619 932 frigore
640 848 1122 932 etinopiapermultosdies,
1152 871 1313 936 quamquo

346 952 488 1016 corpore
510 951 628 1015 aeger,
660 929 834 1004 discedere
857 951 898 992 ex
922 933 1058 996 navibus
1081 933 1204 1003 nollet,
1238 956 1314 1016 neqr

345 1016 393 1077 ibi
412 1015 520 1076 curari
536 1013 658 1098 pollet,
681 1027 774 1074 aucto
795 1012 930 1086 morbo,
954 1014 1040 1078 diem
1060 1035 1154 1076 suum
1171 1015 1267 1077 obiit.
1310 1016 1314 1076 l

346 1097 416 1178 ejus
437 1097 544 1158 locum
565 1095 721 1160 salicetus
739 1093 783 1156 est
801 1115 916 1158 nemo:
947 1098 1006 1160 aad
1030 1097 1169 1182 singulis
1192 1097 1314 1160 class'rbt

347 1177 528 1263 praepositi
545 1197 605 1240 suo
623 1198 678 1242 eas
691 1177 831 1240 arbitrio
850 1179 1019 1264 regebant.
1057 1204 1061 1220 t

133 1309 136 1316 ’
192 1312 335 1385 Pompeias
408 1300 501 1386 xvt',
522 1315 649 1372 Interea
672 1309 709 1370 L.
731 1307 917 1386 Vibullius,
946 1311 1003 1396 qui
1025 1309 1171 1374 mandata
1192 1313 1314 1376 Caesar

157 1383 334 1453 dopncem-
348 1393 532 1478 exponendi
553 1391 653 1454 otium
676 1389 817 1451 nondum
838 1391 944 1454 fuerat
962 1409 1089 1468 nactus,
1114 1415 1186 1457 curn
1202 1399 1314 1479 Pompt

158 1462 234 1504 ‘'⁶''
259 1450 333 1559 ‘Mis
345 1475 379 1558 jo
397 1495 495 1559 agere
513 1471 657 1537 instituit.
687 1473 731 1533 At
747 1473 801 1536 illc
818 1474 1004 1550 interfatus,
1026 1477 1108 1559 Qud
1124 1480 1200 1552 asilu,
1222 1479 1314 1562 inqui

157 1533 269 1590 Μὴ
346 1578 395 1618 aut
411 1553 485 1632 vird,
509 1577 558 1616 arca
575 1559 686 1616 civitate
706 1573 772 1635 opus
791 1556 838 1634 est,
863 1577 942 1638 quam
958 1558 1084 1636 becelino
1100 1557 1226 1642 Caesaris
1246 1563 1314 1620 buda

345 1638 483 1702 uidebor?
514 1639 593 1719 cujus
610 1639 653 1698 rei
673 1639 762 1718 opinio
782 1637 844 1698 tolli
862 1659 914 1698 aaa
932 1641 1052 1721 poterit,
1073 1661 1156 1720 quum
1171 1648 1200 1702 in
1215 1640 1314 1702 Italam

347 1743 382 1781 ex
395 1741 448 1802 qua
462 1717 682 1802 profectuosum,
704 1719 833 1778 reductus
845 1717 1028 1797 existimabor.
1066 1723 1162 1784 Bello
1176 1724 1314 1806 persecu

347 1805 467 1866 Caesar
481 1801 571 1864 'hacc
594 1799 679 1860 dicta
703 1800 857 1882 cognovit
876 1801 916 1862 ab
935 1801 996 1875 iis,
1026 1804 1082 1888 qui
1104 1805 1314 1868 interfuerant

345 1884 567 1947 interfuerunt
588 1895 694 1943 autem
715 1881 905 1944 Scribonius
925 1884 1028 1956 Libo,
1050 1887 1087 1950 L.
1107 1887 1287 1967 Lucceius,
1308 1903 1314 1948 t

347 1968 491 2052 scriptor
504 1962 706 2027 historiarum
719 1961 947 2060 Theophanes,
964 1967 1156 2050 quibuscum
1172 1989 1225 2031 res
1241 1971 1314 2029 marl

345 2071 414 2112 mas
430 2047 667 2110 communicare
684 2047 859 2130 PompeJuts
880 2063 1104 2113 consueverat.
1127 2051 1194 2112 Sed
1207 2065 1277 2113 turn
1295 2059 1314 2110 et

345 2131 409 2194 iarn
433 2131 496 2192 alio
516 2130 663 2191 facinore
683 2129 871 2212 Pompeiani
893 2129 1141 2192 declaraverunt
1159 2131 1314 2196 aversam

311 2259 319 2268 -
371 2235 427 2276 aco
446 2213 655 2274 voluntatem.
688 2208 813 2273 Crabra
834 2203 922 2273 inte'r
940 2212 1062 2274 milites
1084 2213 1182 2275 utrim
1208 2237 1250 2276 ue
1272 2189 1314 2308 coi

345 2237 456 2380 ioquin
469 2292 599 2367 fiebant,
621 2291 751 2354 modico
770 2291 978 2356 interfluente
999 2315 1102 2356 amne.
1134 2237 1230 2358 eoi’.
1249 2297 1313 2360 Van

346 2377 436 2438 nium
445 2377 543 2438 mittit
551 2377 679 2446 Caesar,
688 2374 744 2458 qui
754 2393 867 2457 magna
875 2393 957 2438 voce
969 2378 1099 2461 saepius
1109 2379 1313 2461 proclamare

346 2459 490 2519 Liceretnc
510 2457 612 2517 civibus
630 2458 668 2513 ad
683 2461 753 2515 cives
769 2455 870 2536 legatos
888 2458 922 2517 de
938 2477 1001 2541 poce
1015 2462 1145 2533 mittere,
1169 2462 1243 2542 quod
1257 2479 1313 2542 prat

341 2539 456 2601 donibus
469 2559 497 2599 et
503 2535 637 2622 fugitiuis
645 2534 780 2617 livienses?
796 2539 1002 2622 Responsum
1013 2539 1057 2603 cll
1069 2543 1107 2602 ab
1118 2544 1221 2604 altera
1234 2557 1313 2628 parta

302 2643 309 2656 ⁸
341 2624 379 2682 A.
399 2623 551 2682 Varronem
574 2617 678 2700 postero
703 2619 749 2680 die
776 2621 813 2678 od
833 2621 993 2702 colloquium
1016 2645 1172 2684 vetaturum.
1218 2626 1313 2708 Agita

340 2723 404 2764 una
422 2704 519 2764 etiam
536 2700 720 2844 utrimque,
743 2700 1009 2786 quemadmodum
1033 2719 1104 2768 tuto
1124 2706 1229 2787 legati
1246 2703 1313 2768 voni

340 2805 398 2859 re,
422 2798 475 2857 et,
498 2803 579 2867 quae
597 2785 649 2845 vel
664 2795 799 2858 ent,·ex
825 2804 926 2852 onere
948 2787 1084 2870 pollent.
1127 2788 1213 2860 Sed,
1239 2803 1313 2872 quun

339 2866 373 2928 ia
394 2864 598 2928 constitutum
618 2867 724 2927 locum
742 2867 778 2930 P.
827 2868 945 2929 atinias
965 2869 1120 2943 veniss'et,
1150 2885 1185 2933 et
1203 2879 1313 2940 cume}

338 2948 431 3032 loqui
448 2953 487 3010 T.
505 2947 666 3008 Labienus
685 2948 859 3031 coepillet,
883 2969 922 3011 ex
936 2951 1116 3035 improviso
1132 2954 1195 3014 tela
1212 2965 1287 3014 sunt
1300 2951 1313 3010 it

338 3029 504 3096 Vatinium
515 3029 677 3110 conjectas
700 3049 783 3114 quae
798 3030 864 3105 ille,
886 3033 1024 3095 militum
1040 3034 1137 3095 armis
1152 3047 1313 3118 protestat

308 3184 309 3188 η
337 3112 465 3176 vitavit·
499 3112 708 3174 centuriones
735 3111 858 3196 aliquot
882 3115 1069 3200 militesque
1089 3117 1242 3180 Caesaris
1265 3109 1313 3188 vul

339 3195 445 3258 norati
466 3207 557 3268 sunt,
582 3193 778 3256 exclamante
800 3196 963 3271 Labieno,
996 3199 1120 3278 mestitiae
1134 3220 1197 3282 erga
1211 3200 1247 3258 de
1262 3191 1313 3258 acal

338 3277 468 3420 pgiiim
481 3278 566 3337 locui.
594 3297 656 3336 stam
670 3275 764 3350 scobis,
782 3281 831 3358 m'ss
845 3277 931 3338 relato
942 3278 1067 3363 Caesaris
1083 3286 1187 3363 sapite,
1207 3298 1267 3361 pax
1284 3275 1312 3359 ‘li

341 3377 353 3417 a
403 3377 420 3416 a
435 3301 533 3441 peresi.
1032 3389 1037 3396 ·

171 3471 213 3528 M.
226 3471 330 3528 curtas
402 3461 503 3527 XVll.
526 3465 645 3528 Iisdem
663 3467 866 3550 temporibus
882 3467 1004 3529 Romae
1021 3471 1065 3528 M.
1077 3466 1211 3530 Coelius
1226 3465 1310 3529 Rulu

133 3549 135 3552 ’
149 3558 328 3624 {mmm-
341 3559 474 3632 praetor
489 3568 644 3610 novarum
660 3569 770 3610 rerum
784 3549 951 3610 materiam
966 3549 1151 3633 quaerebat,
1164 3569 1232 3610 non
1245 3567 1312 3610 amo

147 3609 326 3667 ‘'mm''
340 3651 377 3692 re
398 3627 620 3715 reipublicae,
642 3645 696 3692 aut
718 3630 806 3714 quod
827 3651 962 3715 aequum
987 3633 1072 3704 elle,
1096 3629 1184 3716 quod
1202 3631 1312 3715 agebat

276 3711 281 3728 ¹
340 3711 509 3784 crederet,
534 3713 593 3774 sed
611 3712 726 3774 dolore
746 3727 841 3796 atque
858 3713 1081 3799 indignatione
1098 3726 1221 3785 motus,
1248 3715 1312 3776 sicu

339 3791 412 3892 ipse
432 3794 615 3858 conlitetur.
649 3791 756 3857 Homo
775 3810 842 3856 erat
858 3797 991 3879 eloquio
1008 3797 1180 3880 animoque
1193 3799 1312 3857 Carion

340 3877 542 3952 simillimus,
562 3877 653 3956 cujus
669 3877 765 3938 etiam
779 3878 937 3962 pellectus
949 3879 1105 3950 amicitia,
1126 3891 1160 3938 et
1172 3877 1250 3940 odio
1263 3879 1312 3956 apl

337 3960 404 4044 pii,
435 3981 530 4044 quem
553 3960 676 4024 sciebat
694 3960 726 4020 in
745 3959 886 4022 dirersis
907 3959 1055 4046 partibus
1074 3961 1167 4034 lore,
1191 3959 1232 4020 ad
1250 3965 1312 4024 Cau

336 4086 667 4109 ma...-

362 4149 446 4274 ‚⁰⁶ss·
456 4149 545 4232 m.
554 4147 674 4218 Strabo,
686 4147 705 4201 l.
720 4149 760 4206 ad.
778 4166 804 4222 p.
817 4149 880 4220 ⁶¹7·
891 4159 921 4204 at
930 4147 1011 4232 alibi:
1030 4149 1114 4206 Caes.
1150 4149 1224 4222 Cap.
1235 4143 1311 4204 XVll

336 4220 403 4276 Las.
435 4229 491 4294 pn.
510 4221 577 4291 Dro,
586 4218 608 4276 1.
616 4222 660 4290 ta.
684 4217 852 4292 vertute.
871 4221 957 4279 Caes.
979 4219 1042 4278 cte.
1058 4217 1224 4292 adram-tl,
1238 4239 1279 4293 ¹7·
