2624 4688
185 261 228 326 tu
247 219 400 326 noenu
418 261 501 328 nin.
524 259 605 325 cxi.
628 258 743 326 mvn.
913 273 957 340 γη
1001 326 1004 334 ,

30 492 93 538 nun
111 468 191 532 simul
214 487 254 530 ex
277 469 360 530 urbe
379 451 589 552 profugorum
619 465 719 552 idque
743 468 786 532 ob
805 471 955 542 meritum
984 447 1130 548 Umor.

49 571 151 616 artuum
166 573 269 635 nuper
286 569 356 613 erat
373 564 603 634 consequutus.
639 551 715 625 Sed,
739 551 813 636 quia
825 555 860 616 C.
872 557 955 616 'l‘re-
985 531 1062 590 Μ·
1074 533 1120 602 4⁰⁸

29 581 109 700 binium
121 648 297 720 praetorem
315 634 471 698 urbanum
489 652 554 692 nou
571 653 654 704 sors.
682 633 741 696 sed
753 636 884 708 Caesar,
906 635 955 698 el-

29 723 117 790 iserat,
141 715 284 780 omnibus
312 716 347 776 in
370 714 469 776 rebus
495 715 543 774 illi
565 736 600 776 se
622 735 792 800 opponere
809 715 956 782 instituit.

29 803 66 868 bisi
79 801 148 860 lorte
163 797 258 860 bomo
280 797 537 882 ingeniosiffime
556 799 712 881 nequam,
742 801 834 882 quasi
852 800 956 862 bone.

29 885 119 953 boren,
139 879 215 942 banc
235 881 371 943 caulium
416 879 592 952 raetexuit‚
622 881 730 962 potius
750 883 837 944 ueris
855 883 957 944 alieni

29 963 201 1047 ugnitudine‚
223 977 258 1024 ut
274 963 331 1024 alii
347 902 457 1034 mubti,
480 959 519 1020 ad
537 981 591 1024 res
606 963 770 1026 notandas
783 965 955 1048 impulsus,

29 1047 74 1134 qnid
88 1047 193 1108 serrari
210 1065 247 1108 se
266 1043 357 1130 polle
373 1043 407 1104 iu
427 1044 495 1104 otio
514 1041 717 1126 desperabat.

59 1155 143 1216 sitit.
162 1153 290 1217 Idcirco
315 1151 469 1215 tribunali
493 1149 579 1228 juxta
605 1152 715 1216 sellam
738 1153 774 1215 C.
792 1151 953 1214 Trebonii
984 1149 1117 1230 caussam

29 1237 145 1308 ttllonuto,
169 1236 293 1320 siquis
312 1257 351 1320 ap
378 1233 515 1304 ellasset‚
545 1233 665 1294 auxilio
684 1234 757 1296 sore
775 1235 950 1320 pollicebe·
966 1219 1117 1296 “mm''

29 1335 54 1378 ur
66 1319 247 1379 debitoribus.
296 1257 380 1390 Sed,
403 1317 476 1399 quia
495 1315 680 1392 Trebonius
699 1315 785 1397 juxta
805 1319 953 1379 Caesaris
966 1301 1093 1363 ΜΨ·

29 1399 134 1460 ttulituts
149 1399 327 1480 judicabat,
351 1417 568 1480 summamque
588 1397 621 1456 in
642 1399 791 1460 omnibus
810 1399 955 1482 aequita-

29 1499 63 1542 tsu
79 1497 150 1576 atque
172 1483 432 1550 moderationem
456 1478 647 1552 adhibebat,
680 1501 775 1562 nemo
803 1495 955 1565 repertus
1030 1523 1034 1530 -

29 1562 60 1636 tl,
81 1585 119 1647 qur
135 1565 298 1648 appellare
320 1563 430 1624 vellet.
473 1550 516 1622 lis
540 1560 626 1622 onim
650 1563 854 1648 temporibus
873 1583 955 1624 uon-

29 1647 70 1706 dun
82 1661 144 1708 tanta
157 1647 329 1730 quisquam
344 1657 414 1707 erat
428 1643 638 1727 impudentia,
662 1659 707 1718 ut,
718 1707 720 1712 ,
732 1666 829 1730 quum
846 1652 881 1706 se
897 1645 955 1708 de·
1092 1653 1096 1702 Ι

29 1729 240 1802 insisteretur,
274 1729 418 1812 integras
436 1739 550 1788 tenere
571 1725 782 1808 polselliones
803 1747 877 1790 suas
895 1749 954 1813 po·

29 1807 113 1872 lunen

61 1917 117 1977 llll.
134 1916 255 1996 Idcirco
275 1915 428 1986 Coelius,
450 1932 493 1998 ne
511 1911 592 1974 nibil
611 1912 754 1978 alleciss‘e
771 1915 953 1990 rideretur,
985 1915 1133 1983 digessere

29 1997 89 2080 legen
118 1998 322 2082 romulgavit.
346 1995 461 2080 sexenni
476 1997 538 2070 die,
560 1997 619 2078 sirie
637 1995 749 2079 usuris,
770 2001 890 2059 creditae
901 2002 1062 2080 suffim-

29 2085 80 2138 nsiu
95 2081 248 2142 otientur.
285 2079 321 2141 ld
336 2097 466 2164 qnoque
481 2098 596 2140 vanum
610 2080 775 2164 inceptum
787 2079 861 2152 luit,
878 2099 957 2142 con·

30 2161 67 2222 nls
76 2163 190 2224 Servilio
207 2159 446 2246 magistratibus
471 2180 512 2221 ue
530 2161 668 2244 reliquis
686 2183 768 2247 repu
792 2162 956 2224 nantibus.

30 2245 210 2321 lunCoelius,
240 2266 283 2308 ee
299 2243 374 2327 lege
393 2180 533 2314 subbata,
561 2241 639 2304 duas
659 2183 879 2329 promulgavit
897 2265 957 2306 no·

30 2343 69 2384 us:
88 2348 178 2400 unam,
206 2349 274 2412 qua
296 2323 465 2387 mercedes
485 2323 720 2387 habitationum
738 2347 859 2388 annuas
877 2347 956 2390 eou-

30 2405 325 2486 dmoribnsdonabat3
343 2405 664 2469 alternmtubularum
676 2429 841 2472 novarum.
865 2408 956 2470 Haec
1064 2423 1068 2430 “

30 2503 113 2570 agnita
127 2492 326 2554 tennioribus
344 2503 453 2563 erant,
477 2502 509 2550 et
528 2487 567 2550 sb
585 2487 717 2554 homine
735 2491 860 2553 diserto
877 2490 957 2568 jam·

30 2567 99 2632 blunt
115 2573 274 2636 seditiosis
294 2571 506 2634 concionibus
530 2571 698 2634 alienatam
716 2573 845 2669 plebem
863 2573 957 2634 inve·

30 2653 116 2716 riebsnt
151 2658 261 2719 Facile
289 2656 390 2738 igitur
411 2653 553 2715 inducta.
569 2651 631 2728 att,
663 2669 698 2716 ut
720 2677 753 2715 tn
774 2657 810 2717 C.
828 2653 957 2716 Trebo-

30 2733 78 2793 u'nu
92 2737 192 2800 laceret
210 2739 388 2822 impetum,
411 2743 484 2799 eum
508 2755 560 2808 ue,
583 2737 761 2800 vulneratis
776 2737 954 2809 nonnullis,
997 2777 999 2785 ι

31 2811 176 2881 lenibunali
197 2819 400 2884 deturbaret.
441 2757 508 2880 Sed
529 2818 559 2880 is
577 2818 728 2902 quidem,
757 2832 877 2880 mutata
896 2837 954 2882 ve-

31 2891 65 2969 le,
79 2899 150 2984 tagit.
888 2909 891 2920 ·

62 3007 109 3066 lb
130 3009 168 3070 dt
183 3006 345 3071 Servilius
364 3006 494 3078 consul,
516 3008 680 3072 advocatis
699 3027 738 3070 ex
752 3007 873 3070 itinere
891 3007 953 3068 mi·
983 3009 1140 3064 Piraeicu-

31 3083 109 3158 litibns,
134 3091 184 3172 qui
211 3091 247 3152 iu
270 3089 408 3152 Galliam
436 3087 688 3165 destinsbbntnr,
720 3081 1137 3174 praesidioqueriwclrdt'·

31 3165 164 3232 mantiam
177 3173 345 3244 muniens,
368 3168 409 3232 dc
425 3170 478 3238 his
495 3173 593 3235 rebus
612 3172 652 3248 ad
669 3185 813 3234 senatum
828 3172 951 3232 retulit.
962 3159 1021 3201 ''¹''
1118 3220 1120 3228 .

32 3248 97 3311 Patras
111 3255 330 3315 removendum
352 3254 554 3336 erepublica
573 3255 720 3318 Coelium
742 3266 950 3315 censuerunt.

32 3331 103 3395 lmen
114 3351 237 3420 propter
249 3335 512 3407 intercessionem
529 3336 729 3399 tribunitiam
742 3350 952 3398 senatuscon-

32 3415 100 3476 tdtnn
112 3437 167 3479 uon
183 3419 289 3502 potuit
306 3415 397 3478 lieri:
420 3420 594 3482 auctoritas
612 3419 793 3503 perscripta
809 3415 863 3480 cll.
886 3416 954 3480 Sed

32 3499 152 3574 trudon,
179 3501 303 3562 tabulas
328 3501 436 3596 legum
461 3501 734 3584 promulgaturum
757 3501 874 3562 tollere
896 3520 952 3582 ag·
1033 3537 1035 3544 ›

33 3581 123 3654 bellun,
135 3583 259 3646 Coelius
297 3603 335 3644 er
346 3603 410 3644 vtut
423 3595 457 3644 et
468 3581 663 3644 seditionem
673 3583 804 3665 repulit.
832 3587 964 3644 lterum

33 3675 207 3746 agrebertus,
232 3606 379 3726 adbibita
395 3663 582 3747 praesidio,
606 3678 759 3740 senatus,
780 3665 874 3725 uidere
890 3685 955 3724 cuii.

33 3758 86 3813 ssa,
106 3745 189 3822 judit,
211 3769 244 3806 ue
260 3747 329 3828 quid
347 3745 495 3826 respublica
512 3746 672 3806 detrimenti
686 3766 840 3825 pateretur.
882 3746 953 3808 Hae

34 3837 72 3882 ψ
89 3839 112 3886 ts
161 3826 278 3902 testate,
302 3827 413 3890 sellam
430 3827 536 3890 Coelii
556 3827 700 3890 curulem
714 3827 825 3912 fregit.
848 3840 884 3897 at
895 3827 953 3890 ille

33 3909 95 3980 rasit
113 3849 230 3974 abbiam
253 3911 335 3974 loris
357 3910 529 3972 intentamt
560 3907 655 3972 tacite
677 3909 816 3973 illudens
835 3928 953 3972 cousu-

35 4027 303 4056 ᾖ
464 3992 470 4006 .

50 4095 270 4168 obtusitati.
288 4101 352 4158 Cic.
370 4099 438 4156 Dio.
450 4098 531 4156 Vell.
556 4097 748 4171 Gruterus.
766 4100 851 4159 Caes.
878 4098 952 4172 (lep.

37 4159 135 4226 lllllio.
166 4173 307 4248 (lendix.
326 4172 412 4232 Caes.
428 4167 498 4230 Dio.
517 4167 640 4252 quintil.
654 4169 727 4244 ⁶‚di
774 4239 778 4244 ,
880 4205 889 4228 ·.
946 4208 951 4218 ·
