2624 4688
29 317 219 386 merten.
230 309 536 422 SUPPLEMENT.
550 315 625 381 Lm.
635 313 798 384 LXXVII.
814 335 890 410 nuc.
935 334 995 400 ¹⁰7

59 528 106 588 nt.
136 525 258 586 Catoni
278 525 361 588 haec
380 525 488 586 animo
509 527 669 589 sententia
687 525 838 600 sederat,
864 539 916 598 ut,
945 527 990 590 si-'
1020 521 1056 580 u·
1074 541 1102 580 θ·
1117 526 1180 595 704·
1208 525 1216 546 “

13 606 117 692 quiden
135 606 322 690 Pompejus
342 607 529 682 cecidiss'et,
550 609 781 689 transportatis
800 609 833 669 in
850 608 989 686 ltaliam,
1020 591 1057 647 Α·
1076 594 1174 676 ⁰2⁴⁰·

13 709 74 774 pros
88 708 202 749 seeum
218 688 379 760 habebat,
401 688 592 773 patriaeque
607 687 782 763 restitutis,
804 690 878 774 ipse
896 711 990 753 exsn-
1020 665 1133 787 affin

11 773 84 834 iatum
98 769 377 853 proficisceretur
392 769 554 851 quolibet:
578 771 744 856 superanti
759 775 864 832 autem
877 774 992 868 copias
1003 747 1065 786 ’Μ
1102 749 1173 824 ω

13 854 38 913 sb
52 873 85 912 eo
99 865 258 936 acceptas
274 871 347 914 cnm
362 849 427 912 iide
441 867 599 914 servaret.
640 853 714 914 Hoc
732 854 838 930 animo
857 873 992 937 nariga-

11 937 42 994 rit
57 935 252 1014 Corcyram,
283 933 340 995 ubi
360 932 465 995 cladis
486 931 594 996 stabat.
641 937 720 996 Erat
739 935 870 997 omnino
892 935 993 1020 fugae
1078 963 1079 971 ¹

13 1016 101 1078 anilis
118 1017 309 1112 profectio.
342 1015 444 1098 igitur
463 1029 496 1076 et
513 1015 710 1078 frumentum
730 1037 770 1076 ex
788 1016 919 1079 horreis
938 1040 992 1080 ra.
1055 1031 1057 1038 ‘

10 1111 74 1182 ptum
96 1119 172 1158 rias
195 1120 234 1160 an
260 1099 457 1184 iportusque
479 1096 716 1162 constraverat:
748 1111 797 1176 et,
828 1100 991 1182 quianon

10 1179 82 1240 nodo
94 1179 161 1256 iarn
178 1117 295 1254 hodia,
317 1179 377 1240 sed
397 1200 473 1255 suae
489 1201 619 1264 quoque
631 1181 744 1264 copiae
757 1181 878 1242 terrori
891 1183 990 1243 Pom.

9 1261 109 1346 psjanis
130 1278 250 1335 erant,
282 1261 391 1324 subito
418 1275 506 1323 metu
531 1264 703 1346 perterriti
725 1263 989 1328 conscenderunt

8 1365 93 1406 nares.
132 1340 209 1408 Nec
228 1341 362 1424 injussus
381 1343 437 1405 ille
456 1344 554 1405 timor
570 1344 642 1406 suit.
666 1366 738 1406 nam
755 1358 854 1407 noctu
871 1345 911 1407 ad
927 1367 988 1429 op·

8 1425 96 1510 pidum
119 1447 162 1488 ex
191 1448 294 1489 cursu
318 1425 594 1510 respicientibus,
626 1447 774 1510 magnum
798 1427 987 1490 incendium

7 1508 120 1580 reluxit,
143 1507 364 1592 flagrantibus
387 1507 568 1583 onerariis,
595 1511 732 1572 miiitum
754 1509 904 1582 audacia,
925 1527 987 1570 no·
1084 1585 1089 1602 ·

6 1589 116 1650 lentium
139 1591 384 1654 conscendere.
427 1593 455 1652 T
458 1611 511 1652 um
527 1603 561 1653 et
574 1591 703 1656 Rhodia
717 1591 822 1656 classis
837 1591 988 1682 deseruit
1014 1640 1017 1646 ·
1041 1591 1045 1610 ¹
1095 1673 1097 1680 Ι

8 1671 110 1744 accim,
132 1671 339 1758 domumque
360 1671 518 1738 discedit.

50 1803 98 1865 tv.
119 1805 218 1866 Haec
239 1805 346 1867 omnia
365 1807 479 1890 paucis
498 1820 572 1870 ante
589 1805 705 1870 diebus
720 1805 870 1870 Rhodiae
889 1805 984 1891 qnin-
1013 1798 1115 1884 diffisi
1128 1817 1170 1886 rq-
1191 1871 1193 1882 ,

4 1888 146 1967 querentis
171 1889 354 1970 remigem,
384 1889 476 1952 velut
497 1891 630 1951 numine
652 1887 823 1962 adflatum,
851 1888 983 1975 praedi·
996 1886 1080 1993 ’5Ψῖ
1098 1883 1169 1925 ⁹⁸⁸¹·

4 1967 82 2038 side,
103 1971 139 2031 C.
159 1971 351 2053 Coponius,
373 1973 432 2057 qui
446 1973 484 2033 -ei
502 1971 588 2034 classi
608 1986 776 2056 praeerat.
797 1971 896 2034 bomo
911 1949 1104 2032 cunt‘mn'
1192 2005 1194 2016 ι

4 2049 97 2192 prinis
116 2051 266 2134 prudens
285 2067 383 2136 atque
402 2054 529 2126 doctus,
551 2054 657 2117 tribus
677 2052 775 2115 facile
791 2053 983 2116 doctiffimis

25 2153 223 2205 omanorum,
245 2139 290 2195 M.
305 2135 427 2209 Tullio,
449 2141 494 2196 M.
513 2136 647 2208 Catoni,
669 2139 714 2198 Μ.
726 2136 886 2196 Terentio
898 2133 984 2197 Var-

4 2215 58 2274 nni
78 2230 289 2300 exposuerat.
322 2217 396 2280 Hoc
415 2219 459 2292 ite
477 2218 517 2280 ab
535 2219 610 2303 ipso
627 2217 789 2279 Cicerone
806 2229 982 2289 narratum,

4 2317 52 2356 son
74 2303 246 2382 poetarum
271 2299 390 2375 modo,
422 2299 597 2362 sedetiam
616 2299 818 2364 Graecorum
836 2297 981 2371 fabulas,
1012 2333 1016 2344 ·

4 2379 45 2460 pi
64 2382 217 2444 revixiss'e
241 2381 407 2446 hominem
432 2397 465 2446 et
483 2405 501 2446 a
520 2395 627 2446 morte
647 2381 857 2446 vaticinatum
879 2377 981 2446 finxe·

4 2477 78 2536 runt,
101 2463 278 2527 evidenter
295 2464 455 2550 coarguit.

48 2593 85 2656 t.
108 2593 271 2678 Corcyrae
286 2617 383 2681 quum
397 2597 515 2659 iterum
530 2593 572 2658 de
585 2595 814 2684 praesentibus
828 2594 908 2672 esset
921 2591 979 2657 de·
1009 2589 1099 2676 Uim!
1256 2665 1263 2674 ¹

3 2673 172 2750 tberatum,
196 2679 289 2752 Cato,
312 2700 387 2744 num
414 2701 483 2740 uam
500 2698 566 2741 non
584 2679 762 2741 observans
781 2679 902 2762 legum,
924 2676 978 2739 ci-
990 2659 1164 2744 Bmfflm

5 2759 99 2822 reruni
125 2759 307 2824 secedere
332 2701 495 2845 prodeffus
519 2759 583 2835 est,
616 2759 703 2857 quod
728 2759 785 2824 ille
812 2741 1150 2848 consulari'‘¹““¹'”''

4 2837 141 2920 dignitate
160 2841 316 2904 anteibat.
358 2844 402 2904 At
417 2843 556 2918 Cicero,
606 2865 641 2903 ur
662 2862 794 2928 semper
811 2841 903 2924 pacis
921 2861 979 2902 au·

5 2933 58 2979 ttor
76 2922 201 2996 iuerat,
223 2927 260 2986 et'
278 2943 374 2986 omne
392 2925 521 3020 fugerat
540 2864 620 2988 hedi
639 2945 772 3000 munus,
793 2935 917 2986 tantum
935 2921 976 2985 ab

2 3003 174 3087 arripiendo
196 3005 339 3090 imperio
361 3005 484 3079 abiurt,
514 3020 549 3069 ut
569 3007 679 3092 potius
699 3026 838 3066 armorum
856 3025 910 3064 aron
926 3005 977 3066 de·

2 3087 186 3162 pendeam,
202 3086 255 3168 sed
269 3087 502 3164 objiciendorum,
532 3108 647 3152 suasor
665 3087 755 3150 effet.
796 3085 845 3150 lbi
864 3085 977 3170 gravis
1053 3151 1055 3160 Α

5 3185 59 3226 sun
86 3167 212 3252 excepit
232 3168 505 3254 Pompeianorum
530 3169 731 3254 indignatio,
761 3169 936 3252 fuissetque
958 3189 978 3232 a

4 3251 96 3310 Cnseo
117 3249 326 3325 interfectus,
356 3252 392 3312 ni
407 3253 487 3328 Cato
511 3251 679 3314 seductum
699 3251 879 3336 paullisper
898 3248 978 3312 sdo·

4 3331 162 3394 iescentenr
177 3332 350 3397 leniviffet.
380 3335 426 3397 ita
451 3334 583 3430 navigio
609 3347 744 3418 accepto
763 3331 978 3395 Brundisium

4 3429 122 3486 tectus,
151 3434 189 3478 eo
211 3416 246 3478 in
267 3435 311 3500 op
336 3415 392 3478 ido
411 3419 561 3480 cassans
585 3427 732 3499 tempora
756 3413 975 3497 exspectabat.

4 3497 118 3557 Interea
133 3497 193 3560 ioci
210 3513 243 3562 et
255 3497 299 3560 D.
311 3439 462 3573 inclina,
485 3498 542 3584 qui
560 3497 719 3580 objectam
731 3495 911 3560 Brundisio
926 3495 977 3558 in-

6 3579 114 3652 solam,
133 3601 219 3666 qnam
234 3594 329 3642 antea
347 3581 433 3644 Libo
452 3594 612 3653 tenuerat,
634 3579 773 3642 consilio
793 3579 877 3663 pari,
899 3597 977 3660 per-

6 3661 115 3722 sicaria
131 3663 245 3742 majore
263 3663 446 3736 insidebat,
476 3676 509 3724 et
528 3663 564 3726 C.
580 3662 720 3735 Cadius,
749 3657 860 3723 multis
874 3659 977 3724 tutia·

5 3743 44 3802 n's
62 3744 96 3804 in
114 3744 214 3808 Sicilia
233 3747 451 3808 concrematis
469 3745 623 3820 navibus,
652 3741 817 3829 postquam
839 3743 976 3826 eccepe·'

5 3839 64 3886 rant
84 3825 125 3888 de
140 3827 282 3912 proelio,
306 3845 380 3890 cum
399 3827 493 3892 olaffe
514 3825 740 3890 discederunt.

29 4015 248 4137 ⁰³1P·¹¹¹·.¹'¹¹¹t·
269 4019 337 4103 Cau
353 3983 505 4086 brienno,
521 4017 566 4074 3⁰.
586 4013 655 4082 Dio,
671 4013 695 4070 i.
709 3977 755 4084 di.
775 4011 911 4088 Appisn.
922 4010 976 4135 cp·

9 4081 80 4208 tt.-
94 4089 200 4213 att.-
216 4087 372 4216 etat:
389 4083 921 4285 perta·tbfte‘ttt32t3
939 4114 974 4218 ,2

12 4221 73 4282 Pht.
94 4224 148 4284 cis.
163 4239 191 4284 et
202 4228 266 4286 Cat.
286 4229 370 4287 Cass.
415 4223 479 4290 ivit.
492 4227 520 4284 ὅ.

632 4382 647 4398 ·
730 4337 755 4418 i
