<?xml version="1.0" encoding="UTF-8"?>
<!DOCTYPE html PUBLIC "-//W3C//DTD XHTML 1.0 Transitional//EN"
    "http://www.w3.org/TR/xhtml1/DTD/xhtml1-transitional.dtd">
<html xmlns="http://www.w3.org/1999/xhtml" xml:lang="en" lang="en">
 <head>
  <title>
</title>
<meta http-equiv="Content-Type" content="text/html;charset=utf-8" />
  <meta name='ocr-system' content='tesseract 3.04.00' />
  <meta name='ocr-capabilities' content='ocr_page ocr_carea ocr_par ocr_line ocrx_word'/>
</head>
<body>
  <div class='ocr_page' id='page_1' title='image "./tliviipatavinih02drakgoog_0672.png"; bbox 0 0 2658 4686; ppageno 0'>
   <div class='ocr_carea' id='block_1_1' title="bbox 157 267 1156 385">
    <p class='ocr_par' dir='ltr' id='par_1_1' title="bbox 157 267 1156 385">
     <span class='ocr_line' id='line_1_1' title="bbox 157 267 1156 385; baseline 0 -23"><span class='ocrx_word' id='word_1_1' title='bbox 157 295 805 376; x_wconf 57' lang='lat' dir='ltr'><strong><em>ruuocmsmu.cxxx1v.,o1vu.</em></strong></span> <span class='ocrx_word' id='word_1_2' title='bbox 887 267 988 385; x_wconf 38' lang='lat'><strong><em>&#39;⁶7⁹</em></strong></span> <span class='ocrx_word' id='word_1_3' title='bbox 1083 325 1094 362; x_wconf 52' lang='lat' dir='ltr'><strong><em>t</em></strong></span> <span class='ocrx_word' id='word_1_4' title='bbox 1150 336 1156 347; x_wconf 58' lang='grc'><strong>»</strong></span> 
     </span>
    </p>
   </div>
   <div class='ocr_carea' id='block_1_2' title="bbox 461 433 978 460">
    <p class='ocr_par' dir='ltr' id='par_1_2' title="bbox 461 433 978 460">
     <span class='ocr_line' id='line_1_2' title="bbox 461 433 978 460; baseline -0.002 1"><span class='ocrx_word' id='word_1_5' title='bbox 461 433 978 460; x_wconf 56' lang='grc' dir='ltr'><strong>Μ</strong></span> 
     </span>
    </p>
   </div>
   <div class='ocr_carea' id='block_1_3' title="bbox 22 505 1158 1606">
    <p class='ocr_par' dir='ltr' id='par_1_3' title="bbox 22 505 1158 720">
     <span class='ocr_line' id='line_1_3' title="bbox 22 505 1158 584; baseline 0.005 -16"><span class='ocrx_word' id='word_1_6' title='bbox 22 520 127 570; x_wconf 81' lang='lat' dir='ltr'><strong><em>urtam</em></strong></span> <span class='ocrx_word' id='word_1_7' title='bbox 146 509 211 578; x_wconf 61' lang='lat' dir='ltr'><strong><em>tttt,</em></strong></span> <span class='ocrx_word' id='word_1_8' title='bbox 221 507 454 582; x_wconf 64' lang='lat' dir='ltr'><strong><em>praenituerim</em></strong></span> <span class='ocrx_word' id='word_1_9' title='bbox 475 505 566 566; x_wconf 81' lang='lat' dir='ltr'><strong><em>modo</em></strong></span> <span class='ocrx_word' id='word_1_10' title='bbox 584 511 665 566; x_wconf 83' lang='lat' dir='ltr'><strong><em>uiros</em></strong></span> <span class='ocrx_word' id='word_1_11' title='bbox 682 513 862 570; x_wconf 81' lang='lat' dir='ltr'><strong><em>nanciscere</em></strong></span> <span class='ocrx_word' id='word_1_12' title='bbox 879 514 981 574; x_wconf 89' lang='lat' dir='ltr'><strong><em>locum</em></strong></span> <span class='ocrx_word' id='word_1_13' title='bbox 1014 512 1049 571; x_wconf 82' lang='lat' dir='ltr'><strong><em>U.</em></strong></span> <span class='ocrx_word' id='word_1_14' title='bbox 1067 529 1094 569; x_wconf 88' lang='lat' dir='ltr'><strong><em>c.</em></strong></span> <span class='ocrx_word' id='word_1_15' title='bbox 1106 514 1158 584; x_wconf 64' lang='lat' dir='ltr'><strong><em>pt</em></strong></span> 
     </span>
     <span class='ocr_line' id='line_1_4' title="bbox 22 577 1150 658; baseline 0.004 -22"><span class='ocrx_word' id='word_1_16' title='bbox 22 591 180 638; x_wconf 83' lang='lat' dir='ltr'><strong><em>uncturus·</em></strong></span> <span class='ocrx_word' id='word_1_17' title='bbox 202 579 350 653; x_wconf 71' lang='lat' dir='ltr'><strong><em>&#39;plurium</em></strong></span> <span class='ocrx_word' id='word_1_18' title='bbox 369 578 552 634; x_wconf 86' lang='lat' dir='ltr'><strong><em>ministeriis</em></strong></span> <span class='ocrx_word' id='word_1_19' title='bbox 570 585 600 634; x_wconf 89' lang='lat' dir='ltr'><strong><em>et</em></strong></span> <span class='ocrx_word' id='word_1_20' title='bbox 609 577 746 650; x_wconf 78' lang='lat' dir='ltr'><strong><em>facilius</em></strong></span> <span class='ocrx_word' id='word_1_21' title='bbox 762 579 900 655; x_wconf 81' lang='lat' dir='ltr'><strong><em>effeceris</em></strong></span> <span class='ocrx_word' id='word_1_22' title='bbox 913 585 982 658; x_wconf 90' lang='lat' dir='ltr'><strong><em>pla·</em></strong></span> <span class='ocrx_word' id='word_1_23' title='bbox 1013 583 1091 644; x_wconf 55' lang='lat' dir='ltr'><strong><em>mc.</em></strong></span> <span class='ocrx_word' id='word_1_24' title='bbox 1106 604 1150 658; x_wconf 74' lang='lat' dir='ltr'><strong><em>aq.</em></strong></span> 
     </span>
     <span class='ocr_line' id='line_1_5' title="bbox 22 645 982 720; baseline 0.003 -15"><span class='ocrx_word' id='word_1_25' title='bbox 22 654 82 714; x_wconf 69' lang='lat' dir='ltr'><strong><em>rita,</em></strong></span> <span class='ocrx_word' id='word_1_26' title='bbox 106 659 140 706; x_wconf 92' lang='lat' dir='ltr'><strong><em>et</em></strong></span> <span class='ocrx_word' id='word_1_27' title='bbox 152 647 232 704; x_wconf 81' lang='lat' dir='ltr'><strong><em>banc</em></strong></span> <span class='ocrx_word' id='word_1_28' title='bbox 249 646 404 703; x_wconf 73' lang='lat' dir='ltr'><strong><em>excitabis</em></strong></span> <span class='ocrx_word' id='word_1_29' title='bbox 420 645 504 718; x_wconf 86' lang='lat' dir='ltr'><strong><em>apud</em></strong></span> <span class='ocrx_word' id='word_1_30' title='bbox 519 665 623 702; x_wconf 87' lang='lat' dir='ltr'><strong><em>amnes</em></strong></span> <span class='ocrx_word' id='word_1_31' title='bbox 638 645 769 720; x_wconf 83' lang='lat' dir='ltr'><strong><em>populos</em></strong></span> <span class='ocrx_word' id='word_1_32' title='bbox 783 650 909 717; x_wconf 82' lang='lat' dir='ltr'><strong><em>plenam</em></strong></span> <span class='ocrx_word' id='word_1_33' title='bbox 925 653 982 708; x_wconf 84' lang='lat' dir='ltr'><strong><em>bu·</em></strong></span> 
     </span>
    </p>

    <p class='ocr_par' dir='ltr' id='par_1_4' title="bbox 22 713 980 790">
     <span class='ocr_line' id='line_1_6' title="bbox 22 713 980 790; baseline 0.004 -18"><span class='ocrx_word' id='word_1_34' title='bbox 22 719 168 776; x_wconf 84' lang='lat' dir='ltr'><strong><em>nouitatis</em></strong></span> <span class='ocrx_word' id='word_1_35' title='bbox 184 717 376 790; x_wconf 84' lang='lat' dir='ltr'><strong><em>opinionem,</em></strong></span> <span class='ocrx_word' id='word_1_36' title='bbox 402 733 463 769; x_wconf 93' lang='lat' dir='ltr'><strong><em>non</em></strong></span> <span class='ocrx_word' id='word_1_37' title='bbox 478 731 635 770; x_wconf 66' lang='lat' dir='ltr'><strong><em>semiorum</em></strong></span> <span class='ocrx_word' id='word_1_38' title='bbox 655 713 726 771; x_wconf 89' lang='lat' dir='ltr'><strong><em>loco</em></strong></span> <span class='ocrx_word' id='word_1_39' title='bbox 737 721 942 789; x_wconf 81' lang='lat' dir='ltr'><strong><em>provinciales</em></strong></span> <span class='ocrx_word' id='word_1_40' title='bbox 959 739 980 776; x_wconf 95' lang='lat' dir='ltr'><strong><em>a</em></strong></span> 
     </span>
    </p>

    <p class='ocr_par' dir='ltr' id='par_1_5' title="bbox 22 781 1022 870">
     <span class='ocr_line' id='line_1_7' title="bbox 22 781 1022 870; baseline 0.004 -29"><span class='ocrx_word' id='word_1_41' title='bbox 22 788 103 852; x_wconf 75' lang='lat' dir='ltr'><strong><em>iobis,</em></strong></span> <span class='ocrx_word' id='word_1_42' title='bbox 132 794 188 870; x_wconf 83' lang='lat' dir='ltr'><strong><em>apt</em></strong></span> <span class='ocrx_word' id='word_1_43' title='bbox 204 783 291 840; x_wconf 83' lang='lat' dir='ltr'><strong><em>uelut</em></strong></span> <span class='ocrx_word' id='word_1_44' title='bbox 304 781 473 840; x_wconf 84' lang='lat' dir='ltr'><strong><em>secundum</em></strong></span> <span class='ocrx_word' id='word_1_45' title='bbox 491 781 652 838; x_wconf 87' lang='lat' dir='ltr'><strong><em>bominum</em></strong></span> <span class='ocrx_word' id='word_1_46' title='bbox 666 799 766 858; x_wconf 75' lang='lat' dir='ltr'><strong><em>genus</em></strong></span> <span class='ocrx_word' id='word_1_47' title='bbox 779 783 904 855; x_wconf 82' lang='lat' dir='ltr'><strong><em>baberi,</em></strong></span> <span class='ocrx_word' id='word_1_48' title='bbox 928 787 984 845; x_wconf 85' lang='lat' dir='ltr'><strong><em>sed</em></strong></span> <span class='ocrx_word' id='word_1_49' title='bbox 1019 837 1022 844; x_wconf 92' lang='lat'>.</span> 
     </span>
    </p>

    <p class='ocr_par' dir='ltr' id='par_1_6' title="bbox 22 847 1032 930">
     <span class='ocr_line' id='line_1_8' title="bbox 22 847 1032 930; baseline 0.002 -20"><span class='ocrx_word' id='word_1_50' title='bbox 22 857 51 910; x_wconf 77' lang='lat' dir='ltr'><strong><em>&#39;sis</em></strong></span> <span class='ocrx_word' id='word_1_51' title='bbox 65 873 187 930; x_wconf 84' lang='lat' dir='ltr'><strong><em>quoque</em></strong></span> <span class='ocrx_word' id='word_1_52' title='bbox 205 847 327 913; x_wconf 87' lang='lat' dir='ltr'><strong><em>adilum</em></strong></span> <span class='ocrx_word' id='word_1_53' title='bbox 345 853 387 907; x_wconf 91' lang='lat' dir='ltr'><strong><em>ad</em></strong></span> <span class='ocrx_word' id='word_1_54' title='bbox 401 850 626 923; x_wconf 79' lang='lat' dir='ltr'><strong><em>rempublicam</em></strong></span> <span class='ocrx_word' id='word_1_55' title='bbox 644 851 725 908; x_wconf 87' lang='lat' dir='ltr'><strong><em>dari.</em></strong></span> <span class='ocrx_word' id='word_1_56' title='bbox 753 869 833 926; x_wconf 88' lang='lat' dir='ltr'><strong><em>quae</em></strong></span> <span class='ocrx_word' id='word_1_57' title='bbox 851 873 900 910; x_wconf 83' lang='lat' dir='ltr'><strong><em>res</em></strong></span> <span class='ocrx_word' id='word_1_58' title='bbox 914 856 982 927; x_wconf 84' lang='lat' dir='ltr'><strong><em>plu·</em></strong></span> <span class='ocrx_word' id='word_1_59' title='bbox 1029 867 1032 878; x_wconf 88' lang='grc'><em>’</em></span> 
     </span>
    </p>

    <p class='ocr_par' dir='ltr' id='par_1_7' title="bbox 22 921 982 999">
     <span class='ocr_line' id='line_1_9' title="bbox 22 921 982 999; baseline 0 -19"><span class='ocrx_word' id='word_1_60' title='bbox 22 927 115 980; x_wconf 84' lang='lat' dir='ltr'><strong><em>imum</em></strong></span> <span class='ocrx_word' id='word_1_61' title='bbox 136 921 258 994; x_wconf 80' lang='lat' dir='ltr'><strong><em>adseret</em></strong></span> <span class='ocrx_word' id='word_1_62' title='bbox 276 922 442 999; x_wconf 82' lang='lat' dir='ltr'><strong><em>momenti,¹</em></strong></span> <span class='ocrx_word' id='word_1_63' title='bbox 466 927 502 975; x_wconf 85' lang='lat' dir='ltr'><strong><em>ut</em></strong></span> <span class='ocrx_word' id='word_1_64' title='bbox 519 939 588 976; x_wconf 90' lang='lat' dir='ltr'><strong><em>eom</em></strong></span> <span class='ocrx_word' id='word_1_65' title='bbox 608 930 792 988; x_wconf 84' lang='lat' dir='ltr'><strong><em>amoretpro</em></strong></span> <span class='ocrx_word' id='word_1_66' title='bbox 809 927 966 980; x_wconf 87' lang='lat' dir='ltr'><strong><em>communi</em></strong></span> <span class='ocrx_word' id='word_1_67' title='bbox 972 961 982 994; x_wconf 91' lang='lat'>,</span> 
     </span>
    </p>

    <p class='ocr_par' dir='ltr' id='par_1_8' title="bbox 22 988 982 1060">
     <span class='ocr_line' id='line_1_10' title="bbox 22 988 982 1060; baseline -0.001 -12"><span class='ocrx_word' id='word_1_68' title='bbox 22 993 141 1048; x_wconf 79' lang='lat' dir='ltr'><strong><em>tctucri</em></strong></span> <span class='ocrx_word' id='word_1_69' title='bbox 156 1007 275 1048; x_wconf 72' lang='lat' dir='ltr'><strong><em>samma</em></strong></span> <span class='ocrx_word' id='word_1_70' title='bbox 293 988 399 1045; x_wconf 88' lang='lat' dir='ltr'><strong><em>studio</em></strong></span> <span class='ocrx_word' id='word_1_71' title='bbox 416 989 580 1060; x_wconf 84' lang='lat' dir='ltr'><strong><em>incipiant.</em></strong></span> <span class='ocrx_word' id='word_1_72' title='bbox 617 989 669 1055; x_wconf 75' lang='lat' dir='ltr'><strong><em>tu,</em></strong></span> <span class='ocrx_word' id='word_1_73' title='bbox 695 1005 733 1044; x_wconf 89' lang='lat' dir='ltr'><strong><em>ne</em></strong></span> <span class='ocrx_word' id='word_1_74' title='bbox 755 1007 867 1060; x_wconf 86' lang='lat' dir='ltr'><strong><em>parum</em></strong></span> <span class='ocrx_word' id='word_1_75' title='bbox 887 991 982 1047; x_wconf 84' lang='lat' dir='ltr'><strong><em>medi·</em></strong></span> 
     </span>
    </p>

    <p class='ocr_par' dir='ltr' id='par_1_9' title="bbox 22 1052 983 1142">
     <span class='ocr_line' id='line_1_11' title="bbox 22 1052 983 1142; baseline 0.001 -29"><span class='ocrx_word' id='word_1_76' title='bbox 22 1069 68 1115; x_wconf 73' lang='lat' dir='ltr'><strong><em>tuta</em></strong></span> <span class='ocrx_word' id='word_1_77' title='bbox 91 1067 205 1116; x_wconf 81' lang='lat' dir='ltr'><strong><em>temere</em></strong></span> <span class='ocrx_word' id='word_1_78' title='bbox 226 1052 375 1142; x_wconf 70' lang='lat' dir='ltr'><strong><em>effudisse</em></strong></span> <span class='ocrx_word' id='word_1_79' title='bbox 393 1055 517 1123; x_wconf 83' lang='lat' dir='ltr'><strong><em>uidear,</em></strong></span> <span class='ocrx_word' id='word_1_80' title='bbox 545 1065 655 1112; x_wconf 90' lang='lat' dir='ltr'><strong><em>auctor</em></strong></span> <span class='ocrx_word' id='word_1_81' title='bbox 677 1057 774 1114; x_wconf 88' lang='lat' dir='ltr'><strong><em>etiam</em></strong></span> <span class='ocrx_word' id='word_1_82' title='bbox 798 1057 858 1114; x_wconf 90' lang='lat' dir='ltr'><strong><em>libi</em></strong></span> <span class='ocrx_word' id='word_1_83' title='bbox 867 1055 983 1129; x_wconf 72' lang='lat' dir='ltr'><strong><em>fuero,</em></strong></span> 
     </span>
    </p>

    <p class='ocr_par' dir='ltr' id='par_1_10' title="bbox 22 1125 983 1202">
     <span class='ocr_line' id='line_1_12' title="bbox 22 1125 983 1202; baseline 0 -18"><span class='ocrx_word' id='word_1_84' title='bbox 22 1129 161 1191; x_wconf 77' lang='lat' dir='ltr'><strong><em>mnibus,</em></strong></span> <span class='ocrx_word' id='word_1_85' title='bbox 184 1147 239 1202; x_wconf 79' lang='lat' dir='ltr'><strong><em>qus</em></strong></span> <span class='ocrx_word' id='word_1_86' title='bbox 256 1133 329 1182; x_wconf 85' lang='lat' dir='ltr'><strong><em>sunt</em></strong></span> <span class='ocrx_word' id='word_1_87' title='bbox 346 1127 378 1180; x_wconf 89' lang='lat' dir='ltr'><strong><em>iu</em></strong></span> <span class='ocrx_word' id='word_1_88' title='bbox 396 1125 468 1180; x_wconf 92' lang='lat' dir='ltr'><strong><em>orbe</em></strong></span> <span class='ocrx_word' id='word_1_89' title='bbox 484 1127 644 1190; x_wconf 78' lang='lat' dir='ltr'><strong><em>Romano,</em></strong></span> <span class='ocrx_word' id='word_1_90' title='bbox 669 1127 829 1182; x_wconf 83' lang='lat' dir='ltr'><strong><em>civitatem</em></strong></span> <span class='ocrx_word' id='word_1_91' title='bbox 849 1145 983 1184; x_wconf 63' lang='lat' dir='ltr'><strong><em>comma»</em></strong></span> 
     </span>
    </p>

    <p class='ocr_par' dir='ltr' id='par_1_11' title="bbox 22 1193 984 1262">
     <span class='ocr_line' id='line_1_13' title="bbox 22 1193 984 1262; baseline -0.001 -10"><span class='ocrx_word' id='word_1_92' title='bbox 22 1195 144 1259; x_wconf 62' lang='lat' dir='ltr'><strong><em>licendi,</em></strong></span> <span class='ocrx_word' id='word_1_93' title='bbox 172 1205 207 1252; x_wconf 93' lang='lat' dir='ltr'><strong><em>ut</em></strong></span> <span class='ocrx_word' id='word_1_94' title='bbox 227 1195 308 1250; x_wconf 85' lang='lat' dir='ltr'><strong><em>banc</em></strong></span> <span class='ocrx_word' id='word_1_95' title='bbox 330 1193 391 1250; x_wconf 82' lang='lat' dir='ltr'><strong><em>sibi</em></strong></span> <span class='ocrx_word' id='word_1_96' title='bbox 413 1194 519 1250; x_wconf 84' lang='lat' dir='ltr'><strong><em>urbem</em></strong></span> <span class='ocrx_word' id='word_1_97' title='bbox 540 1211 642 1248; x_wconf 86' lang='lat' dir='ltr'><strong><em>ueram</em></strong></span> <span class='ocrx_word' id='word_1_98' title='bbox 666 1201 759 1262; x_wconf 87' lang='lat' dir='ltr'><strong><em>atque</em></strong></span> <span class='ocrx_word' id='word_1_99' title='bbox 779 1196 904 1250; x_wconf 82' lang='lat' dir='ltr'><strong><em>scnicam</em></strong></span> <span class='ocrx_word' id='word_1_100' title='bbox 921 1211 984 1251; x_wconf 87' lang='lat' dir='ltr'><strong><em>om·</em></strong></span> 
     </span>
    </p>

    <p class='ocr_par' dir='ltr' id='par_1_12' title="bbox 22 1259 983 1336">
     <span class='ocr_line' id='line_1_14' title="bbox 22 1259 983 1336; baseline 0.002 -18"><span class='ocrx_word' id='word_1_101' title='bbox 22 1269 84 1319; x_wconf 88' lang='lat' dir='ltr'><strong><em>u&#39;um</em></strong></span> <span class='ocrx_word' id='word_1_102' title='bbox 105 1265 240 1336; x_wconf 79' lang='lat' dir='ltr'><strong><em>patriam</em></strong></span> <span class='ocrx_word' id='word_1_103' title='bbox 261 1263 459 1328; x_wconf 73' lang='lat' dir='ltr'><strong><em>existiment,</em></strong></span> <span class='ocrx_word' id='word_1_104' title='bbox 487 1279 546 1318; x_wconf 85' lang='lat' dir='ltr'><strong><em>sua</em></strong></span> <span class='ocrx_word' id='word_1_105' title='bbox 568 1259 683 1333; x_wconf 82' lang='lat' dir='ltr'><strong><em>oppido</em></strong></span> <span class='ocrx_word' id='word_1_106' title='bbox 706 1271 771 1318; x_wconf 89' lang='lat' dir='ltr'><strong><em>tam</em></strong></span> <span class='ocrx_word' id='word_1_107' title='bbox 794 1281 865 1322; x_wconf 79' lang='lat' dir='ltr'><strong><em>team</em></strong></span> <span class='ocrx_word' id='word_1_108' title='bbox 888 1281 983 1336; x_wconf 66' lang='lat' dir='ltr'><strong><em>agros</em></strong></span> 
     </span>
    </p>

    <p class='ocr_par' dir='ltr' id='par_1_13' title="bbox 22 1282 984 1406">
     <span class='ocr_line' id='line_1_15' title="bbox 22 1282 984 1406; baseline -0.001 -18"><span class='ocrx_word' id='word_1_109' title='bbox 22 1337 142 1406; x_wconf 78' lang='lat' dir='ltr'><strong><em>iensque</em></strong></span> <span class='ocrx_word' id='word_1_110' title='bbox 161 1331 254 1403; x_wconf 71' lang='lat' dir='ltr'><strong><em>buius</em></strong></span> <span class='ocrx_word' id='word_1_111' title='bbox 277 1331 424 1387; x_wconf 80' lang='lat' dir='ltr'><strong><em>babeant·</em></strong></span> <span class='ocrx_word' id='word_1_112' title='bbox 464 1323 528 1404; x_wconf 66' lang='lat' dir='ltr'><strong><em>Oui</em></strong></span> <span class='ocrx_word' id='word_1_113' title='bbox 544 1337 650 1384; x_wconf 90' lang='lat' dir='ltr'><strong><em>tamen</em></strong></span> <span class='ocrx_word' id='word_1_114' title='bbox 663 1329 757 1402; x_wconf 73' lang='lat' dir='ltr'><strong><em>liujus</em></strong></span> <span class='ocrx_word' id='word_1_115' title='bbox 773 1282 984 1389; x_wconf 78' lang='lat' dir='ltr'><strong><em>liberalitatis</em></strong></span> 
     </span>
    </p>

    <p class='ocr_par' dir='ltr' id='par_1_14' title="bbox 22 1387 988 1474">
     <span class='ocr_line' id='line_1_16' title="bbox 22 1387 988 1474; baseline 0 -18"><span class='ocrx_word' id='word_1_116' title='bbox 22 1401 128 1466; x_wconf 82' lang='lat' dir='ltr'><strong><em>nodus,</em></strong></span> <span class='ocrx_word' id='word_1_117' title='bbox 152 1399 291 1474; x_wconf 83' lang='lat' dir='ltr'><strong><em>quodque</em></strong></span> <span class='ocrx_word' id='word_1_118' title='bbox 309 1407 430 1472; x_wconf 87' lang='lat' dir='ltr'><strong><em>tempus</em></strong></span> <span class='ocrx_word' id='word_1_119' title='bbox 444 1417 509 1455; x_wconf 86' lang='lat' dir='ltr'><strong><em>esse</em></strong></span> <span class='ocrx_word' id='word_1_120' title='bbox 525 1397 654 1460; x_wconf 81' lang='lat' dir='ltr'><strong><em>debeat,</em></strong></span> <span class='ocrx_word' id='word_1_121' title='bbox 682 1417 719 1453; x_wconf 90' lang='lat' dir='ltr'><strong><em>ne</em></strong></span> <span class='ocrx_word' id='word_1_122' title='bbox 735 1387 918 1456; x_wconf 78' lang='lat' dir='ltr'><strong><em>discrimina</em></strong></span> <span class='ocrx_word' id='word_1_123' title='bbox 935 1405 988 1456; x_wconf 61' lang='lat' dir='ltr'><strong><em>rei</em></strong></span> 
     </span>
    </p>

    <p class='ocr_par' dir='ltr' id='par_1_15' title="bbox 22 1463 1070 1606">
     <span class='ocr_line' id='line_1_17' title="bbox 22 1463 1070 1548; baseline 0 -24"><span class='ocrx_word' id='word_1_124' title='bbox 22 1491 67 1524; x_wconf 64' lang='lat' dir='ltr'><strong><em>&#39;turn</em></strong></span> <span class='ocrx_word' id='word_1_125' title='bbox 88 1469 226 1525; x_wconf 84' lang='lat' dir='ltr'><strong><em>omnium</em></strong></span> <span class='ocrx_word' id='word_1_126' title='bbox 244 1467 356 1524; x_wconf 90' lang='lat' dir='ltr'><strong><em>tollere</em></strong></span> <span class='ocrx_word' id='word_1_127' title='bbox 374 1467 552 1538; x_wconf 84' lang='lat' dir='ltr'><strong><em>uideamur,</em></strong></span> <span class='ocrx_word' id='word_1_128' title='bbox 576 1463 689 1538; x_wconf 87' lang='lat' dir='ltr'><strong><em>paullo</em></strong></span> <span class='ocrx_word' id='word_1_129' title='bbox 707 1475 779 1539; x_wconf 87' lang='lat' dir='ltr'><strong><em>post</em></strong></span> <span class='ocrx_word' id='word_1_130' title='bbox 794 1466 983 1536; x_wconf 78' lang='lat' dir='ltr'><strong><em>adcuratiut</em></strong></span> <span class='ocrx_word' id='word_1_131' title='bbox 1066 1537 1070 1548; x_wconf 38' lang='grc'><strong><em>1</em></strong></span> 
     </span>
     <span class='ocr_line' id='line_1_18' title="bbox 22 1555 167 1606; baseline 0.007 -18"><span class='ocrx_word' id='word_1_132' title='bbox 22 1555 167 1606; x_wconf 65' lang='lat' dir='ltr'><strong><em>pponam.</em></strong></span> 
     </span>
    </p>
   </div>
   <div class='ocr_carea' id='block_1_4' title="bbox 22 1669 989 2235">
    <p class='ocr_par' dir='ltr' id='par_1_16' title="bbox 22 1669 989 2235">
     <span class='ocr_line' id='line_1_19' title="bbox 59 1669 980 1755; baseline 0.004 -19"><span class='ocrx_word' id='word_1_133' title='bbox 59 1669 204 1754; x_wconf 62' lang='lat' dir='ltr'><strong>XXXIX·</strong></span> <span class='ocrx_word' id='word_1_134' title='bbox 226 1676 316 1740; x_wconf 81' lang='lat' dir='ltr'><strong><em>tttuct</em></strong></span> <span class='ocrx_word' id='word_1_135' title='bbox 332 1677 453 1736; x_wconf 84' lang='lat' dir='ltr'><strong><em>moneri</em></strong></span> <span class='ocrx_word' id='word_1_136' title='bbox 467 1675 611 1748; x_wconf 86' lang='lat' dir='ltr'><strong><em>interest,</em></strong></span> <span class='ocrx_word' id='word_1_137' title='bbox 631 1697 730 1755; x_wconf 79' lang='lat' dir='ltr'><strong><em>neque</em></strong></span> <span class='ocrx_word' id='word_1_138' title='bbox 745 1682 880 1738; x_wconf 86' lang='lat' dir='ltr'><strong><em>minores</em></strong></span> <span class='ocrx_word' id='word_1_139' title='bbox 898 1687 980 1740; x_wconf 85' lang='lat' dir='ltr'><strong><em>octo·</em></strong></span> 
     </span>
     <span class='ocr_line' id='line_1_20' title="bbox 22 1747 980 1824; baseline -0.002 -17"><span class='ocrx_word' id='word_1_140' title='bbox 22 1753 100 1808; x_wconf 85' lang='lat' dir='ltr'><strong><em>lecim</em></strong></span> <span class='ocrx_word' id='word_1_141' title='bbox 121 1754 209 1808; x_wconf 90' lang='lat' dir='ltr'><strong><em>annis</em></strong></span> <span class='ocrx_word' id='word_1_142' title='bbox 223 1753 306 1807; x_wconf 84' lang='lat' dir='ltr'><strong><em>inter</em></strong></span> <span class='ocrx_word' id='word_1_143' title='bbox 321 1751 440 1823; x_wconf 82' lang='lat' dir='ltr'><strong><em>equites</em></strong></span> <span class='ocrx_word' id='word_1_144' title='bbox 459 1747 693 1813; x_wconf 84' lang='lat' dir='ltr'><strong><em>adscribendos,</em></strong></span> <span class='ocrx_word' id='word_1_145' title='bbox 721 1769 819 1824; x_wconf 87' lang='lat' dir='ltr'><strong><em>neque</em></strong></span> <span class='ocrx_word' id='word_1_146' title='bbox 837 1753 919 1806; x_wconf 84' lang='lat' dir='ltr'><strong><em>inter</em></strong></span> <span class='ocrx_word' id='word_1_147' title='bbox 934 1771 980 1806; x_wconf 88' lang='lat' dir='ltr'><strong><em>se·</em></strong></span> 
     </span>
     <span class='ocr_line' id='line_1_21' title="bbox 22 1818 978 1886; baseline -0.002 -10"><span class='ocrx_word' id='word_1_148' title='bbox 22 1831 126 1876; x_wconf 84' lang='lat' dir='ltr'><strong><em>utores</em></strong></span> <span class='ocrx_word' id='word_1_149' title='bbox 140 1827 213 1876; x_wconf 91' lang='lat' dir='ltr'><strong><em>ante</em></strong></span> <span class='ocrx_word' id='word_1_150' title='bbox 227 1819 403 1874; x_wconf 84' lang='lat' dir='ltr'><strong><em>uicesimum</em></strong></span> <span class='ocrx_word' id='word_1_151' title='bbox 420 1818 580 1886; x_wconf 77' lang='lat' dir='ltr'><strong><em>quintum,</em></strong></span> <span class='ocrx_word' id='word_1_152' title='bbox 601 1818 709 1874; x_wconf 83' lang='lat' dir='ltr'><strong><em>uideri.</em></strong></span> <span class='ocrx_word' id='word_1_153' title='bbox 729 1837 801 1873; x_wconf 89' lang='lat' dir='ltr'><strong><em>nom</em></strong></span> <span class='ocrx_word' id='word_1_154' title='bbox 818 1821 904 1886; x_wconf 85' lang='lat' dir='ltr'><strong><em>prior</em></strong></span> <span class='ocrx_word' id='word_1_155' title='bbox 913 1819 978 1874; x_wconf 85' lang='lat' dir='ltr'><strong><em>&#39;illa</em></strong></span> 
     </span>
     <span class='ocr_line' id='line_1_22' title="bbox 22 1885 978 1960; baseline 0.001 -18"><span class='ocrx_word' id='word_1_156' title='bbox 22 1899 89 1946; x_wconf 77' lang='lat' dir='ltr'><strong><em>retus</em></strong></span> <span class='ocrx_word' id='word_1_157' title='bbox 113 1888 154 1945; x_wconf 90' lang='lat' dir='ltr'><strong><em>od</em></strong></span> <span class='ocrx_word' id='word_1_158' title='bbox 175 1888 311 1960; x_wconf 86' lang='lat' dir='ltr'><strong><em>corporis</em></strong></span> <span class='ocrx_word' id='word_1_159' title='bbox 334 1885 430 1941; x_wconf 77' lang='lat' dir='ltr'><strong><em>robur</em></strong></span> <span class='ocrx_word' id='word_1_160' title='bbox 452 1886 484 1939; x_wconf 91' lang='lat' dir='ltr'><strong><em>in</em></strong></span> <span class='ocrx_word' id='word_1_161' title='bbox 511 1888 633 1960; x_wconf 88' lang='lat' dir='ltr'><strong><em>eniique</em></strong></span> <span class='ocrx_word' id='word_1_162' title='bbox 657 1887 795 1958; x_wconf 81' lang='lat' dir='ltr'><strong><em>uigorem</em></strong></span> <span class='ocrx_word' id='word_1_163' title='bbox 820 1887 978 1943; x_wconf 84' lang='lat' dir='ltr'><strong><em>ostenden·</em></strong></span> 
     </span>
     <span class='ocr_line' id='line_1_23' title="bbox 22 1901 979 2029; baseline 0 -19"><span class='ocrx_word' id='word_1_164' title='bbox 22 1959 73 2012; x_wconf 69' lang='lat' dir='ltr'><strong><em>turn</em></strong></span> <span class='ocrx_word' id='word_1_165' title='bbox 94 1965 169 2029; x_wconf 87' lang='lat' dir='ltr'><strong><em>opta</em></strong></span> <span class='ocrx_word' id='word_1_166' title='bbox 188 1963 250 2025; x_wconf 89' lang='lat' dir='ltr'><strong><em>est,·</em></strong></span> <span class='ocrx_word' id='word_1_167' title='bbox 277 1953 379 2010; x_wconf 85' lang='lat' dir='ltr'><strong><em>altera</em></strong></span> <span class='ocrx_word' id='word_1_168' title='bbox 398 1950 469 2027; x_wconf 77' lang='lat' dir='ltr'><strong><em>jam</em></strong></span> <span class='ocrx_word' id='word_1_169' title='bbox 485 1901 605 2012; x_wconf 68' lang='lat' dir='ltr'><strong><em>babere</em></strong></span> <span class='ocrx_word' id='word_1_170' title='bbox 628 1953 770 2011; x_wconf 80' lang='lat' dir='ltr'><strong><em>nonnihil</em></strong></span> <span class='ocrx_word' id='word_1_171' title='bbox 794 1954 979 2024; x_wconf 76' lang='lat' dir='ltr'><strong><em>prudentiae</em></strong></span> 
     </span>
     <span class='ocr_line' id='line_1_24' title="bbox 22 2021 979 2094; baseline -0.001 -15"><span class='ocrx_word' id='word_1_172' title='bbox 22 2027 109 2082; x_wconf 83' lang='lat' dir='ltr'><strong><em>lebet:</em></strong></span> <span class='ocrx_word' id='word_1_173' title='bbox 134 2023 311 2094; x_wconf 76' lang='lat' dir='ltr'><strong><em>iunioribus</em></strong></span> <span class='ocrx_word' id='word_1_174' title='bbox 330 2029 437 2078; x_wconf 72' lang='lat' dir='ltr'><strong><em>aretem</em></strong></span> <span class='ocrx_word' id='word_1_175' title='bbox 458 2039 552 2092; x_wconf 87' lang='lat' dir='ltr'><strong><em>quam</em></strong></span> <span class='ocrx_word' id='word_1_176' title='bbox 570 2039 697 2078; x_wconf 74' lang='lat' dir='ltr'><strong><em>siturum</em></strong></span> <span class='ocrx_word' id='word_1_177' title='bbox 714 2041 821 2077; x_wconf 71' lang='lat' dir='ltr'><strong><em>rerum</em></strong></span> <span class='ocrx_word' id='word_1_178' title='bbox 844 2021 979 2078; x_wconf 67' lang='lat' dir='ltr'><strong><em>odelini·</em></strong></span> 
     </span>
     <span class='ocr_line' id='line_1_25' title="bbox 23 2087 989 2164; baseline -0.001 -15"><span class='ocrx_word' id='word_1_179' title='bbox 23 2097 183 2150; x_wconf 75' lang='lat' dir='ltr'><strong><em>irationem</em></strong></span> <span class='ocrx_word' id='word_1_180' title='bbox 202 2091 276 2164; x_wconf 74' lang='lat' dir='ltr'><strong><em>jura</em></strong></span> <span class='ocrx_word' id='word_1_181' title='bbox 301 2099 408 2146; x_wconf 90' lang='lat' dir='ltr'><strong><em>nostra</em></strong></span> <span class='ocrx_word' id='word_1_182' title='bbox 433 2105 495 2146; x_wconf 88' lang='lat' dir='ltr'><strong><em>non</em></strong></span> <span class='ocrx_word' id='word_1_183' title='bbox 518 2091 702 2154; x_wconf 79' lang='lat' dir='ltr'><strong><em>concedant,</em></strong></span> <span class='ocrx_word' id='word_1_184' title='bbox 730 2107 823 2164; x_wconf 87' lang='lat' dir='ltr'><strong><em>quom</em></strong></span> <span class='ocrx_word' id='word_1_185' title='bbox 840 2087 989 2164; x_wconf 72' lang='lat' dir='ltr'><strong><em>desormc&#39;</em></strong></span> 
     </span>
     <span class='ocr_line' id='line_1_26' title="bbox 25 2155 730 2235; baseline 0 -17"><span class='ocrx_word' id='word_1_186' title='bbox 25 2171 78 2218; x_wconf 82' lang='lat' dir='ltr'><strong><em>sset</em></strong></span> <span class='ocrx_word' id='word_1_187' title='bbox 94 2171 125 2218; x_wconf 90' lang='lat' dir='ltr'><strong><em>et</em></strong></span> <span class='ocrx_word' id='word_1_188' title='bbox 138 2163 294 2235; x_wconf 80' lang='lat' dir='ltr'><strong><em>ineptum,</em></strong></span> <span class='ocrx_word' id='word_1_189' title='bbox 314 2157 362 2214; x_wconf 87' lang='lat' dir='ltr'><strong><em>bis</em></strong></span> <span class='ocrx_word' id='word_1_190' title='bbox 378 2157 605 2230; x_wconf 81' lang='lat' dir='ltr'><strong><em>rempublicam</em></strong></span> <span class='ocrx_word' id='word_1_191' title='bbox 619 2155 730 2218; x_wconf 85' lang='lat' dir='ltr'><strong><em>credi?</em></strong></span> 
     </span>
    </p>
   </div>
   <div class='ocr_carea' id='block_1_5' title="bbox 990 1718 1163 1992">
    <p class='ocr_par' dir='ltr' id='par_1_17' title="bbox 990 1718 1163 1992">
     <span class='ocr_line' id='line_1_27' title="bbox 1009 1718 1161 1782; baseline 0.039 -14"><span class='ocrx_word' id='word_1_192' title='bbox 1009 1718 1063 1782; x_wconf 72' lang='lat' dir='ltr'><strong><em>Qus</em></strong></span> <span class='ocrx_word' id='word_1_193' title='bbox 1073 1727 1161 1774; x_wconf 80' lang='lat' dir='ltr'><strong><em>aetate</em></strong></span> 
     </span>
     <span class='ocr_line' id='line_1_28' title="bbox 992 1784 1139 1840; baseline 0.027 -6"><span class='ocrx_word' id='word_1_194' title='bbox 992 1784 1047 1836; x_wconf 82' lang='lat' dir='ltr'><strong><em>sint</em></strong></span> <span class='ocrx_word' id='word_1_195' title='bbox 1057 1785 1084 1836; x_wconf 83' lang='lat' dir='ltr'><strong><em>itt</em></strong></span> <span class='ocrx_word' id='word_1_196' title='bbox 1091 1788 1139 1840; x_wconf 85' lang='lat' dir='ltr'><strong><em>lsts</em></strong></span> 
     </span>
     <span class='ocr_line' id='line_1_29' title="bbox 992 1853 1163 1908; baseline 0.006 -8"><span class='ocrx_word' id='word_1_197' title='bbox 992 1853 1095 1906; x_wconf 48' lang='lat' dir='ltr'><strong><em>”ains</em></strong></span> <span class='ocrx_word' id='word_1_198' title='bbox 1110 1870 1163 1908; x_wconf 66' lang='lat' dir='ltr'><strong><em>uus</em></strong></span> 
     </span>
     <span class='ocr_line' id='line_1_30' title="bbox 990 1919 1116 1992; baseline 0.016 -20"><span class='ocrx_word' id='word_1_199' title='bbox 990 1919 1116 1992; x_wconf 79' lang='lat' dir='ltr'><strong><em>eipimli.</em></strong></span> 
     </span>
    </p>
   </div>
   <div class='ocr_carea' id='block_1_6' title="bbox 22 2289 1229 3998">
    <p class='ocr_par' dir='ltr' id='par_1_18' title="bbox 22 2289 1252 3998">
     <span class='ocr_line' id='line_1_31' title="bbox 59 2289 977 2368; baseline 0.007 -14"><span class='ocrx_word' id='word_1_200' title='bbox 59 2289 126 2354; x_wconf 77' lang='lat' dir='ltr'><strong><em>xL.</em></strong></span> <span class='ocrx_word' id='word_1_201' title='bbox 157 2301 339 2361; x_wconf 79' lang='lat' dir='ltr'><strong><em>Praetorem</em></strong></span> <span class='ocrx_word' id='word_1_202' title='bbox 363 2307 436 2359; x_wconf 87' lang='lat' dir='ltr'><strong><em>ante</em></strong></span> <span class='ocrx_word' id='word_1_203' title='bbox 461 2299 650 2360; x_wconf 84' lang='lat' dir='ltr'><strong><em>tricesimum</em></strong></span> <span class='ocrx_word' id='word_1_204' title='bbox 678 2321 794 2360; x_wconf 85' lang='lat' dir='ltr'><strong><em>annum</em></strong></span> <span class='ocrx_word' id='word_1_205' title='bbox 811 2297 891 2368; x_wconf 80' lang='lat' dir='ltr'><strong><em>fieri</em></strong></span> <span class='ocrx_word' id='word_1_206' title='bbox 914 2293 977 2360; x_wconf 80' lang='lat' dir='ltr'><strong><em>non</em></strong></span> 
     </span>
     <span class='ocr_line' id='line_1_32' title="bbox 25 2367 981 2456; baseline -0.003 -25"><span class='ocrx_word' id='word_1_207' title='bbox 25 2375 118 2444; x_wconf 75' lang='lat' dir='ltr'><strong><em>lacet5</em></strong></span> <span class='ocrx_word' id='word_1_208' title='bbox 137 2391 191 2429; x_wconf 88' lang='lat' dir='ltr'><strong><em>nec</em></strong></span> <span class='ocrx_word' id='word_1_209' title='bbox 206 2371 268 2427; x_wconf 87' lang='lat' dir='ltr'><strong><em>nisi</em></strong></span> <span class='ocrx_word' id='word_1_210' title='bbox 283 2379 352 2442; x_wconf 86' lang='lat' dir='ltr'><strong><em>pust</em></strong></span> <span class='ocrx_word' id='word_1_211' title='bbox 368 2380 556 2442; x_wconf 89' lang='lat' dir='ltr'><strong><em>quaesturae</em></strong></span> <span class='ocrx_word' id='word_1_212' title='bbox 573 2381 604 2428; x_wconf 90' lang='lat' dir='ltr'><strong><em>et</em></strong></span> <span class='ocrx_word' id='word_1_213' title='bbox 620 2367 799 2430; x_wconf 72' lang='lat' dir='ltr'><strong><em>aedilitatis</em></strong></span> <span class='ocrx_word' id='word_1_214' title='bbox 817 2371 981 2456; x_wconf 58' lang='lat' dir='ltr'><strong><em>bonorem2</em></strong></span> 
     </span>
     <span class='ocr_line' id='line_1_33' title="bbox 26 2438 980 2514; baseline -0.004 -15"><span class='ocrx_word' id='word_1_215' title='bbox 26 2451 244 2514; x_wconf 85' lang='lat' dir='ltr'><strong><em>otestatemque</em></strong></span> <span class='ocrx_word' id='word_1_216' title='bbox 260 2438 458 2496; x_wconf 84' lang='lat' dir='ltr'><strong><em>tribunitiam</em></strong></span> <span class='ocrx_word' id='word_1_217' title='bbox 474 2449 614 2512; x_wconf 72' lang='lat' dir='ltr'><strong><em>gestam,</em></strong></span> <span class='ocrx_word' id='word_1_218' title='bbox 633 2443 665 2498; x_wconf 88' lang='lat' dir='ltr'><strong><em>in</em></strong></span> <span class='ocrx_word' id='word_1_219' title='bbox 684 2439 795 2512; x_wconf 87' lang='lat' dir='ltr'><strong><em>quibus</em></strong></span> <span class='ocrx_word' id='word_1_220' title='bbox 813 2441 913 2494; x_wconf 87' lang='lat' dir='ltr'><strong><em>animi</em></strong></span> <span class='ocrx_word' id='word_1_221' title='bbox 929 2459 980 2495; x_wconf 81' lang='lat' dir='ltr'><strong><em>suc</em></strong></span> 
     </span>
     <span class='ocr_line' id='line_1_34' title="bbox 22 2505 979 2585; baseline -0.006 -17"><span class='ocrx_word' id='word_1_222' title='bbox 22 2529 178 2585; x_wconf 82' lang='lat' dir='ltr'><strong><em>nurumque</em></strong></span> <span class='ocrx_word' id='word_1_223' title='bbox 204 2507 375 2574; x_wconf 75' lang='lat' dir='ltr'><strong><em>specimina</em></strong></span> <span class='ocrx_word' id='word_1_224' title='bbox 398 2505 504 2562; x_wconf 86' lang='lat' dir='ltr'><strong><em>edant.</em></strong></span> <span class='ocrx_word' id='word_1_225' title='bbox 539 2509 729 2566; x_wconf 84' lang='lat' dir='ltr'><strong><em>Praeturam</em></strong></span> <span class='ocrx_word' id='word_1_226' title='bbox 755 2513 859 2562; x_wconf 77' lang='lat' dir='ltr'><strong><em>atatem</em></strong></span> <span class='ocrx_word' id='word_1_227' title='bbox 886 2515 979 2578; x_wconf 82' lang='lat' dir='ltr'><strong><em>atque</em></strong></span> 
     </span>
     <span class='ocr_line' id='line_1_35' title="bbox 24 2570 979 2649; baseline -0.001 -18"><span class='ocrx_word' id='word_1_228' title='bbox 24 2580 194 2636; x_wconf 80' lang='lat' dir='ltr'><strong><em>onsulatum</em></strong></span> <span class='ocrx_word' id='word_1_229' title='bbox 210 2571 286 2632; x_wconf 87' lang='lat' dir='ltr'><strong><em>solis</em></strong></span> <span class='ocrx_word' id='word_1_230' title='bbox 298 2575 447 2632; x_wconf 84' lang='lat' dir='ltr'><strong><em>Romanis</em></strong></span> <span class='ocrx_word' id='word_1_231' title='bbox 462 2573 534 2632; x_wconf 85' lang='lat' dir='ltr'><strong><em>dari</em></strong></span> <span class='ocrx_word' id='word_1_232' title='bbox 548 2591 682 2649; x_wconf 81' lang='lat' dir='ltr'><strong><em>acquum</em></strong></span> <span class='ocrx_word' id='word_1_233' title='bbox 697 2570 850 2642; x_wconf 61' lang='lat' dir='ltr'><strong><em>arbitram·</em></strong></span> <span class='ocrx_word' id='word_1_234' title='bbox 869 2583 904 2630; x_wconf 94' lang='lat' dir='ltr'><strong><em>ut</em></strong></span> <span class='ocrx_word' id='word_1_235' title='bbox 919 2573 979 2630; x_wconf 91' lang='lat' dir='ltr'><strong><em>uli·</em></strong></span> 
     </span>
     <span class='ocr_line' id='line_1_36' title="bbox 25 2641 978 2717; baseline -0.007 -14"><span class='ocrx_word' id='word_1_236' title='bbox 25 2669 59 2704; x_wconf 88' lang='lat' dir='ltr'><strong><em>ua</em></strong></span> <span class='ocrx_word' id='word_1_237' title='bbox 76 2645 210 2716; x_wconf 80' lang='lat' dir='ltr'><strong><em>supersit</em></strong></span> <span class='ocrx_word' id='word_1_238' title='bbox 223 2645 334 2700; x_wconf 82' lang='lat' dir='ltr'><strong><em>ueteris</em></strong></span> <span class='ocrx_word' id='word_1_239' title='bbox 346 2641 540 2717; x_wconf 85' lang='lat' dir='ltr'><strong><em>reipublicae</em></strong></span> <span class='ocrx_word' id='word_1_240' title='bbox 555 2647 671 2717; x_wconf 87' lang='lat' dir='ltr'><strong><em>species</em></strong></span> <span class='ocrx_word' id='word_1_241' title='bbox 680 2660 762 2708; x_wconf 81' lang='lat' dir='ltr'><strong><em>‚nec</em></strong></span> <span class='ocrx_word' id='word_1_242' title='bbox 775 2643 878 2698; x_wconf 90' lang='lat' dir='ltr'><strong><em>omnia</em></strong></span> <span class='ocrx_word' id='word_1_243' title='bbox 893 2661 978 2714; x_wconf 89' lang='lat' dir='ltr'><strong><em>pror·</em></strong></span> 
     </span>
     <span class='ocr_line' id='line_1_37' title="bbox 22 2709 980 2782; baseline -0.008 -10"><span class='ocrx_word' id='word_1_244' title='bbox 22 2737 51 2772; x_wconf 84' lang='lat' dir='ltr'><strong><em>us</em></strong></span> <span class='ocrx_word' id='word_1_245' title='bbox 63 2717 190 2782; x_wconf 76' lang='lat' dir='ltr'><strong><em>flectere</em></strong></span> <span class='ocrx_word' id='word_1_246' title='bbox 211 2709 463 2782; x_wconf 80' lang='lat' dir='ltr'><strong><em>adpraesentent</em></strong></span> <span class='ocrx_word' id='word_1_247' title='bbox 481 2729 569 2768; x_wconf 88' lang='lat' dir='ltr'><strong><em>usum</em></strong></span> <span class='ocrx_word' id='word_1_248' title='bbox 585 2712 757 2768; x_wconf 82' lang='lat' dir='ltr'><strong><em>uideamur.</em></strong></span> <span class='ocrx_word' id='word_1_249' title='bbox 793 2711 910 2765; x_wconf 84' lang='lat' dir='ltr'><strong><em>Horum</em></strong></span> <span class='ocrx_word' id='word_1_250' title='bbox 928 2729 980 2765; x_wconf 88' lang='lat' dir='ltr'><strong><em>co·</em></strong></span> 
     </span>
     <span class='ocr_line' id='line_1_38' title="bbox 22 2775 1229 2868; baseline -0.007 -28"><span class='ocrx_word' id='word_1_251' title='bbox 22 2787 90 2840; x_wconf 82' lang='lat' dir='ltr'><strong><em>nitio</em></strong></span> <span class='ocrx_word' id='word_1_252' title='bbox 112 2785 145 2838; x_wconf 92' lang='lat' dir='ltr'><strong><em>in</em></strong></span> <span class='ocrx_word' id='word_1_253' title='bbox 165 2790 220 2838; x_wconf 90' lang='lat' dir='ltr'><strong><em>tua</em></strong></span> <span class='ocrx_word' id='word_1_254' title='bbox 240 2777 332 2834; x_wconf 86' lang='lat' dir='ltr'><strong><em>unius</em></strong></span> <span class='ocrx_word' id='word_1_255' title='bbox 351 2787 508 2848; x_wconf 75' lang='lat' dir='ltr'><strong><em>potestate</em></strong></span> <span class='ocrx_word' id='word_1_256' title='bbox 525 2788 632 2844; x_wconf 84' lang='lat' dir='ltr'><strong><em>sunto,</em></strong></span> <span class='ocrx_word' id='word_1_257' title='bbox 659 2799 697 2836; x_wconf 92' lang='lat' dir='ltr'><strong><em>ne</em></strong></span> <span class='ocrx_word' id='word_1_258' title='bbox 706 2775 904 2848; x_wconf 82' lang='lat' dir='ltr'><strong><em>factionibus</em></strong></span> <span class='ocrx_word' id='word_1_259' title='bbox 921 2783 978 2833; x_wconf 82' lang='lat' dir='ltr'><strong><em>aut</em></strong></span> <span class='ocrx_word' id='word_1_260' title='bbox 1156 2809 1229 2868; x_wconf 33' lang='lat' dir='ltr'><strong><em>&amp;A</em></strong></span> 
     </span>
     <span class='ocr_line' id='line_1_39' title="bbox 26 2845 1155 2932; baseline -0.007 -26"><span class='ocrx_word' id='word_1_261' title='bbox 26 2851 120 2906; x_wconf 85' lang='lat' dir='ltr'><strong><em>mbitu</em></strong></span> <span class='ocrx_word' id='word_1_262' title='bbox 139 2847 315 2908; x_wconf 86' lang='lat' dir='ltr'><strong><em>turbentur.</em></strong></span> <span class='ocrx_word' id='word_1_263' title='bbox 360 2850 519 2912; x_wconf 80' lang='lat' dir='ltr'><strong><em>Ceterum,</em></strong></span> <span class='ocrx_word' id='word_1_264' title='bbox 545 2845 577 2904; x_wconf 87' lang='lat' dir='ltr'><strong><em>in</em></strong></span> <span class='ocrx_word' id='word_1_265' title='bbox 599 2853 726 2906; x_wconf 80' lang='lat' dir='ltr'><strong><em>vetustis</em></strong></span> <span class='ocrx_word' id='word_1_266' title='bbox 746 2845 921 2902; x_wconf 86' lang='lat' dir='ltr'><strong><em>nominibus</em></strong></span> <span class='ocrx_word' id='word_1_267' title='bbox 939 2861 977 2899; x_wconf 90' lang='lat' dir='ltr'><strong><em>ne</em></strong></span> <span class='ocrx_word' id='word_1_268' title='bbox 1010 2857 1155 2932; x_wconf 54' lang='lat' dir='ltr'><strong><em>Mamm</em></strong></span> 
     </span>
     <span class='ocr_line' id='line_1_40' title="bbox 25 2913 1161 3000; baseline -0.009 -25"><span class='ocrx_word' id='word_1_269' title='bbox 25 2928 185 2976; x_wconf 83' lang='lat' dir='ltr'><strong><em>ctestatem</em></strong></span> <span class='ocrx_word' id='word_1_270' title='bbox 205 2915 346 2973; x_wconf 88' lang='lat' dir='ltr'><strong><em>eamdem</em></strong></span> <span class='ocrx_word' id='word_1_271' title='bbox 363 2915 539 2987; x_wconf 83' lang='lat' dir='ltr'><strong><em>relinquas,</em></strong></span> <span class='ocrx_word' id='word_1_272' title='bbox 564 2935 685 2972; x_wconf 84' lang='lat' dir='ltr'><strong><em>summa</em></strong></span> <span class='ocrx_word' id='word_1_273' title='bbox 702 2913 764 2976; x_wconf 85' lang='lat' dir='ltr'><strong><em>tibi</em></strong></span> <span class='ocrx_word' id='word_1_274' title='bbox 781 2915 887 2971; x_wconf 88' lang='lat' dir='ltr'><strong><em>cautio</em></strong></span> <span class='ocrx_word' id='word_1_275' title='bbox 904 2915 975 2968; x_wconf 82' lang='lat' dir='ltr'><strong><em>erit.</em></strong></span> <span class='ocrx_word' id='word_1_276' title='bbox 989 2941 1056 2982; x_wconf 64' lang='lat' dir='ltr'><strong><em>„mm</em></strong></span> <span class='ocrx_word' id='word_1_277' title='bbox 1067 2935 1161 3000; x_wconf 59' lang='grc' dir='ltr'><strong><em>ψη,</em></strong></span> 
     </span>
     <span class='ocr_line' id='line_1_41' title="bbox 22 2981 1134 3066; baseline -0.008 -22"><span class='ocrx_word' id='word_1_278' title='bbox 22 3007 113 3044; x_wconf 86' lang='lat' dir='ltr'><strong><em>onore</em></strong></span> <span class='ocrx_word' id='word_1_279' title='bbox 127 2994 266 3048; x_wconf 79' lang='lat' dir='ltr'><strong><em>seruato,</em></strong></span> <span class='ocrx_word' id='word_1_280' title='bbox 288 2985 462 3054; x_wconf 84' lang='lat' dir='ltr'><strong><em>potentiam</em></strong></span> <span class='ocrx_word' id='word_1_281' title='bbox 476 2981 628 3040; x_wconf 84' lang='lat' dir='ltr'><strong><em>bactenus</em></strong></span> <span class='ocrx_word' id='word_1_282' title='bbox 646 2982 791 3044; x_wconf 66' lang='lat' dir='ltr'><strong><em>adcidem</em></strong></span> <span class='ocrx_word' id='word_1_283' title='bbox 813 2989 862 3046; x_wconf 86' lang='lat' dir='ltr'><strong><em>ut,</em></strong></span> <span class='ocrx_word' id='word_1_284' title='bbox 880 2995 975 3054; x_wconf 82' lang='lat' dir='ltr'><strong><em>qaan-</em></strong></span> <span class='ocrx_word' id='word_1_285' title='bbox 990 2999 1134 3066; x_wconf 54' lang='lat' dir='ltr'><strong><em>mma,</em></strong></span> 
     </span>
     <span class='ocr_line' id='line_1_42' title="bbox 22 3047 1162 3126; baseline -0.005 -16"><span class='ocrx_word' id='word_1_286' title='bbox 22 3077 65 3112; x_wconf 88' lang='lat' dir='ltr'><strong><em>um</em></strong></span> <span class='ocrx_word' id='word_1_287' title='bbox 82 3053 171 3110; x_wconf 86' lang='lat' dir='ltr'><strong><em>addi</em></strong></span> <span class='ocrx_word' id='word_1_288' title='bbox 218 3055 328 3108; x_wconf 88' lang='lat' dir='ltr'><strong><em>itatem</em></strong></span> <span class='ocrx_word' id='word_1_289' title='bbox 345 3047 494 3108; x_wconf 83' lang='lat' dir='ltr'><strong><em>tuendam</em></strong></span> <span class='ocrx_word' id='word_1_290' title='bbox 509 3049 587 3108; x_wconf 89' lang='lat' dir='ltr'><strong><em>satis</em></strong></span> <span class='ocrx_word' id='word_1_291' title='bbox 603 3059 659 3120; x_wconf 87' lang='lat' dir='ltr'><strong><em>est,</em></strong></span> <span class='ocrx_word' id='word_1_292' title='bbox 678 3058 822 3118; x_wconf 79' lang='lat' dir='ltr'><strong><em>moneat3</em></strong></span> <span class='ocrx_word' id='word_1_293' title='bbox 838 3047 921 3122; x_wconf 88' lang='lat' dir='ltr'><strong><em>quad</em></strong></span> <span class='ocrx_word' id='word_1_294' title='bbox 935 3047 977 3105; x_wconf 87' lang='lat' dir='ltr'><strong><em>ad</em></strong></span> <span class='ocrx_word' id='word_1_295' title='bbox 988 3067 1162 3126; x_wconf 53' lang='lat' dir='ltr'><strong><em>„mma</em></strong></span> 
     </span>
     <span class='ocr_line' id='line_1_43' title="bbox 22 3117 1165 3204; baseline -0.006 -26"><span class='ocrx_word' id='word_1_296' title='bbox 22 3144 48 3179; x_wconf 88' lang='lat' dir='ltr'><strong><em>cs</em></strong></span> <span class='ocrx_word' id='word_1_297' title='bbox 67 3143 167 3178; x_wconf 85' lang='lat' dir='ltr'><strong><em>nouan</em></strong></span> <span class='ocrx_word' id='word_1_298' title='bbox 192 3140 226 3177; x_wconf 93' lang='lat' dir='ltr'><strong><em>as</em></strong></span> <span class='ocrx_word' id='word_1_299' title='bbox 247 3119 366 3176; x_wconf 85' lang='lat' dir='ltr'><strong><em>animas</em></strong></span> <span class='ocrx_word' id='word_1_300' title='bbox 381 3119 491 3193; x_wconf 77' lang='lat' dir='ltr'><strong><em>facere</em></strong></span> <span class='ocrx_word' id='word_1_301' title='bbox 513 3130 634 3190; x_wconf 85' lang='lat' dir='ltr'><strong><em>posset,</em></strong></span> <span class='ocrx_word' id='word_1_302' title='bbox 662 3117 808 3177; x_wconf 83' lang='lat' dir='ltr'><strong><em>tollatur.</em></strong></span> <span class='ocrx_word' id='word_1_303' title='bbox 841 3119 906 3174; x_wconf 88' lang='lat' dir='ltr'><strong><em>Hoc</em></strong></span> <span class='ocrx_word' id='word_1_304' title='bbox 928 3118 1165 3204; x_wconf 61' lang='lat' dir='ltr'><strong><em>itammqm,</em></strong></span> 
     </span>
     <span class='ocr_line' id='line_1_44' title="bbox 22 3183 976 3260; baseline -0.007 -14"><span class='ocrx_word' id='word_1_305' title='bbox 22 3193 137 3246; x_wconf 73' lang='lat' dir='ltr'><strong><em>nonime</em></strong></span> <span class='ocrx_word' id='word_1_306' title='bbox 158 3191 369 3260; x_wconf 83' lang='lat' dir='ltr'><strong><em>consequeris,</em></strong></span> <span class='ocrx_word' id='word_1_307' title='bbox 403 3188 430 3240; x_wconf 87' lang='lat' dir='ltr'><strong><em>si</em></strong></span> <span class='ocrx_word' id='word_1_308' title='bbox 452 3187 676 3260; x_wconf 78' lang='lat' dir='ltr'><strong><em>magistratum</em></strong></span> <span class='ocrx_word' id='word_1_309' title='bbox 701 3205 823 3244; x_wconf 86' lang='lat' dir='ltr'><strong><em>omnem</em></strong></span> <span class='ocrx_word' id='word_1_310' title='bbox 846 3188 879 3241; x_wconf 90' lang='lat' dir='ltr'><strong><em>in</em></strong></span> <span class='ocrx_word' id='word_1_311' title='bbox 902 3183 976 3240; x_wconf 83' lang='lat' dir='ltr'><strong><em>urbe</em></strong></span> 
     </span>
     <span class='ocr_line' id='line_1_45' title="bbox 22 3255 979 3331; baseline -0.006 -17"><span class='ocrx_word' id='word_1_312' title='bbox 22 3277 108 3314; x_wconf 70' lang='lat' dir='ltr'><strong><em>urere</em></strong></span> <span class='ocrx_word' id='word_1_313' title='bbox 124 3257 320 3331; x_wconf 81' lang='lat' dir='ltr'><strong><em>praecipias:</em></strong></span> <span class='ocrx_word' id='word_1_314' title='bbox 348 3275 385 3314; x_wconf 87' lang='lat' dir='ltr'><strong><em>ne</em></strong></span> <span class='ocrx_word' id='word_1_315' title='bbox 407 3271 444 3310; x_wconf 83' lang='lat' dir='ltr'><strong><em>ae</em></strong></span> <span class='ocrx_word' id='word_1_316' title='bbox 470 3264 527 3312; x_wconf 86' lang='lat' dir='ltr'><strong><em>aut</em></strong></span> <span class='ocrx_word' id='word_1_317' title='bbox 548 3258 629 3312; x_wconf 88' lang='lat' dir='ltr'><strong><em>inter</em></strong></span> <span class='ocrx_word' id='word_1_318' title='bbox 649 3255 734 3314; x_wconf 88' lang='lat' dir='ltr'><strong><em>illud</em></strong></span> <span class='ocrx_word' id='word_1_319' title='bbox 758 3263 893 3326; x_wconf 85' lang='lat' dir='ltr'><strong><em>tempus,</em></strong></span> <span class='ocrx_word' id='word_1_320' title='bbox 920 3259 979 3308; x_wconf 86' lang='lat' dir='ltr'><strong><em>aut</em></strong></span> 
     </span>
     <span class='ocr_line' id='line_1_46' title="bbox 25 3273 976 3406; baseline -0.005 -26"><span class='ocrx_word' id='word_1_321' title='bbox 25 3329 86 3380; x_wconf 81' lang='lat' dir='ltr'><strong><em>reci</em></strong></span> <span class='ocrx_word' id='word_1_322' title='bbox 103 3325 243 3397; x_wconf 81' lang='lat' dir='ltr'><strong><em>deinceps</em></strong></span> <span class='ocrx_word' id='word_1_323' title='bbox 259 3273 445 3388; x_wconf 75' lang='lat' dir='ltr'><strong><em>interuallo,</em></strong></span> <span class='ocrx_word' id='word_1_324' title='bbox 469 3319 524 3380; x_wconf 83' lang='lat' dir='ltr'><strong><em>sed</em></strong></span> <span class='ocrx_word' id='word_1_325' title='bbox 539 3332 687 3395; x_wconf 90' lang='lat' dir='ltr'><strong><em>quantum</em></strong></span> <span class='ocrx_word' id='word_1_326' title='bbox 705 3325 976 3406; x_wconf 63' lang='lat' dir='ltr'><strong><em>cuiquecongrue-</em></strong></span> 
     </span>
     <span class='ocr_line' id='line_1_47' title="bbox 22 3391 980 3460; baseline -0.01 -8"><span class='ocrx_word' id='word_1_327' title='bbox 22 3417 36 3452; x_wconf 94' lang='lat' dir='ltr'><strong><em>e</em></strong></span> <span class='ocrx_word' id='word_1_328' title='bbox 54 3393 222 3460; x_wconf 82' lang='lat' dir='ltr'><strong><em>uidebitur,</em></strong></span> <span class='ocrx_word' id='word_1_329' title='bbox 249 3397 403 3449; x_wconf 79' lang='lat' dir='ltr'><strong><em>exercitus</em></strong></span> <span class='ocrx_word' id='word_1_330' title='bbox 419 3391 463 3446; x_wconf 91' lang='lat' dir='ltr'><strong><em>eis</em></strong></span> <span class='ocrx_word' id='word_1_331' title='bbox 479 3394 665 3448; x_wconf 85' lang='lat' dir='ltr'><strong><em>committas.</em></strong></span> <span class='ocrx_word' id='word_1_332' title='bbox 699 3393 864 3454; x_wconf 73' lang='lat' dir='ltr'><strong><em>Sisenem,</em></strong></span> <span class='ocrx_word' id='word_1_333' title='bbox 884 3397 980 3445; x_wconf 87' lang='lat' dir='ltr'><strong><em>mter·</em></strong></span> 
     </span>
     <span class='ocr_line' id='line_1_48' title="bbox 26 3457 982 3529; baseline -0.01 -7"><span class='ocrx_word' id='word_1_334' title='bbox 26 3465 105 3522; x_wconf 86' lang='lat' dir='ltr'><strong><em>osito</em></strong></span> <span class='ocrx_word' id='word_1_335' title='bbox 124 3465 204 3524; x_wconf 75' lang='lat' dir='ltr'><strong><em>inter</em></strong></span> <span class='ocrx_word' id='word_1_336' title='bbox 222 3459 371 3518; x_wconf 85' lang='lat' dir='ltr'><strong><em>bonorem</em></strong></span> <span class='ocrx_word' id='word_1_337' title='bbox 394 3466 426 3515; x_wconf 91' lang='lat' dir='ltr'><strong><em>et</em></strong></span> <span class='ocrx_word' id='word_1_338' title='bbox 443 3461 634 3528; x_wconf 83' lang='lat' dir='ltr'><strong><em>prouinciam</em></strong></span> <span class='ocrx_word' id='word_1_339' title='bbox 652 3460 771 3524; x_wconf 78' lang='lat' dir='ltr'><strong><em>spatio.</em></strong></span> <span class='ocrx_word' id='word_1_340' title='bbox 791 3457 928 3529; x_wconf 84' lang='lat' dir='ltr'><strong><em>priuatos</em></strong></span> <span class='ocrx_word' id='word_1_341' title='bbox 945 3473 982 3511; x_wconf 92' lang='lat' dir='ltr'><strong><em>a·.</em></strong></span> 
     </span>
     <span class='ocr_line' id='line_1_49' title="bbox 22 3523 979 3600; baseline -0.01 -13"><span class='ocrx_word' id='word_1_342' title='bbox 22 3551 76 3588; x_wconf 76' lang='lat' dir='ltr'><strong><em>ere</em></strong></span> <span class='ocrx_word' id='word_1_343' title='bbox 97 3529 287 3586; x_wconf 85' lang='lat' dir='ltr'><strong><em>condiscent:</em></strong></span> <span class='ocrx_word' id='word_1_344' title='bbox 312 3545 410 3600; x_wconf 88' lang='lat' dir='ltr'><strong><em>neque</em></strong></span> <span class='ocrx_word' id='word_1_345' title='bbox 433 3525 654 3584; x_wconf 80' lang='lat' dir='ltr'><strong><em>continuandis</em></strong></span> <span class='ocrx_word' id='word_1_346' title='bbox 672 3523 913 3596; x_wconf 74' lang='lat' dir='ltr'><strong><em>magistratibus</em></strong></span> <span class='ocrx_word' id='word_1_347' title='bbox 931 3530 979 3578; x_wconf 92' lang='lat' dir='ltr'><strong><em>at-</em></strong></span> 
     </span>
     <span class='ocr_line' id='line_1_50' title="bbox 23 3591 1173 3682; baseline -0.008 -27"><span class='ocrx_word' id='word_1_348' title='bbox 23 3617 59 3656; x_wconf 92' lang='lat' dir='ltr'><strong><em>ue</em></strong></span> <span class='ocrx_word' id='word_1_349' title='bbox 75 3599 212 3682; x_wconf 81' lang='lat' dir='ltr'><strong><em>imperiis</em></strong></span> <span class='ocrx_word' id='word_1_350' title='bbox 229 3593 272 3652; x_wconf 90' lang='lat' dir='ltr'><strong><em>ad</em></strong></span> <span class='ocrx_word' id='word_1_351' title='bbox 288 3595 465 3654; x_wconf 81' lang='lat' dir='ltr'><strong><em>audendum</em></strong></span> <span class='ocrx_word' id='word_1_352' title='bbox 481 3593 604 3670; x_wconf 72' lang='lat' dir='ltr'><strong><em>majora</em></strong></span> <span class='ocrx_word' id='word_1_353' title='bbox 620 3591 888 3650; x_wconf 82' lang='lat' dir='ltr'><strong><em>sollicitabantur.</em></strong></span> <span class='ocrx_word' id='word_1_354' title='bbox 924 3593 976 3659; x_wconf 79' lang='lat' dir='ltr'><strong><em>ili,</em></strong></span> <span class='ocrx_word' id='word_1_355' title='bbox 1071 3593 1075 3602; x_wconf 71' lang='grc'><em>“</em></span> <span class='ocrx_word' id='word_1_356' title='bbox 1171 3659 1173 3666; x_wconf 28' lang='lat'><strong>⁴</strong></span> 
     </span>
     <span class='ocr_line' id='line_1_51' title="bbox 22 3659 1074 3738; baseline -0.004 -20"><span class='ocrx_word' id='word_1_357' title='bbox 22 3673 98 3724; x_wconf 68' lang='lat' dir='ltr'><strong><em>Jonec</em></strong></span> <span class='ocrx_word' id='word_1_358' title='bbox 114 3685 146 3724; x_wconf 79' lang='lat' dir='ltr'><strong><em>in</em></strong></span> <span class='ocrx_word' id='word_1_359' title='bbox 162 3667 356 3738; x_wconf 82' lang='lat' dir='ltr'><strong><em>magistratu</em></strong></span> <span class='ocrx_word' id='word_1_360' title='bbox 372 3671 479 3735; x_wconf 70' lang='lat' dir='ltr'><strong><em>agent,</em></strong></span> <span class='ocrx_word' id='word_1_361' title='bbox 490 3672 530 3720; x_wconf 52' lang='lat' dir='ltr'><strong><em>*et</em></strong></span> <span class='ocrx_word' id='word_1_362' title='bbox 544 3662 637 3720; x_wconf 86' lang='lat' dir='ltr'><strong><em>ludos</em></strong></span> <span class='ocrx_word' id='word_1_363' title='bbox 653 3681 692 3717; x_wconf 81' lang='lat' dir='ltr'><strong><em>eo:</em></strong></span> <span class='ocrx_word' id='word_1_364' title='bbox 708 3679 793 3718; x_wconf 87' lang='lat' dir='ltr'><strong><em>mare</em></strong></span> <span class='ocrx_word' id='word_1_365' title='bbox 809 3659 975 3726; x_wconf 77' lang='lat' dir='ltr'><strong><em>curabunt,</em></strong></span> <span class='ocrx_word' id='word_1_366' title='bbox 1071 3685 1074 3690; x_wconf 95' lang='lat'>·</span> 
     </span>
     <span class='ocr_line' id='line_1_52' title="bbox 23 3727 1001 3854; baseline -0.01 -62"><span class='ocrx_word' id='word_1_367' title='bbox 23 3745 33 3792; x_wconf 95' lang='lat' dir='ltr'><strong><em>t</em></strong></span> <span class='ocrx_word' id='word_1_368' title='bbox 56 3734 359 3806; x_wconf 75' lang='lat' dir='ltr'><strong><em>caassosqaaslibet</em></strong></span> <span class='ocrx_word' id='word_1_369' title='bbox 381 3731 538 3796; x_wconf 82' lang='lat' dir='ltr'><strong><em>decident,</em></strong></span> <span class='ocrx_word' id='word_1_370' title='bbox 565 3737 691 3854; x_wconf 55' lang='lat' dir='ltr'><strong><em>eccepto</em></strong></span> <span class='ocrx_word' id='word_1_371' title='bbox 717 3727 825 3785; x_wconf 82' lang='lat' dir='ltr'><strong><em>caedis</em></strong></span> <span class='ocrx_word' id='word_1_372' title='bbox 840 3727 975 3804; x_wconf 87' lang='lat' dir='ltr'><strong><em>judicic.</em></strong></span> <span class='ocrx_word' id='word_1_373' title='bbox 1000 3747 1001 3752; x_wconf 48' lang='lat'>¹</span> 
     </span>
     <span class='ocr_line' id='line_1_53' title="bbox 22 3795 977 3884; baseline -0.01 -26"><span class='ocrx_word' id='word_1_374' title='bbox 22 3822 76 3859; x_wconf 88' lang='lat' dir='ltr'><strong><em>unc</em></strong></span> <span class='ocrx_word' id='word_1_375' title='bbox 92 3805 172 3858; x_wconf 87' lang='lat' dir='ltr'><strong><em>enim</em></strong></span> <span class='ocrx_word' id='word_1_376' title='bbox 190 3819 230 3858; x_wconf 78' lang='lat' dir='ltr'><strong><em>ex</em></strong></span> <span class='ocrx_word' id='word_1_377' title='bbox 243 3803 441 3860; x_wconf 79' lang='lat' dir='ltr'><strong><em>senatoribus</em></strong></span> <span class='ocrx_word' id='word_1_378' title='bbox 457 3797 584 3875; x_wconf 77' lang='lat' dir='ltr'><strong><em>legendi</em></strong></span> <span class='ocrx_word' id='word_1_379' title='bbox 591 3797 631 3873; x_wconf 78' lang='lat' dir='ltr'><strong><em>ju</em></strong></span> <span class='ocrx_word' id='word_1_380' title='bbox 655 3799 717 3853; x_wconf 80' lang='lat' dir='ltr'><strong><em>ieet</em></strong></span> <span class='ocrx_word' id='word_1_381' title='bbox 732 3803 839 3864; x_wconf 87' lang='lat' dir='ltr'><strong><em>erunt,</em></strong></span> <span class='ocrx_word' id='word_1_382' title='bbox 865 3795 977 3884; x_wconf 87' lang='lat' dir='ltr'><strong><em>equiti-</em></strong></span> 
     </span>
     <span class='ocr_line' id='line_1_54' title="bbox 22 3865 978 3944; baseline -0.008 -18"><span class='ocrx_word' id='word_1_383' title='bbox 22 3889 61 3926; x_wconf 83' lang='lat' dir='ltr'><strong><em>us</em></strong></span> <span class='ocrx_word' id='word_1_384' title='bbox 78 3873 170 3928; x_wconf 88' lang='lat' dir='ltr'><strong><em>etiam</em></strong></span> <span class='ocrx_word' id='word_1_385' title='bbox 183 3869 348 3940; x_wconf 69' lang='lat' dir='ltr'><strong><em>admistis,</em></strong></span> <span class='ocrx_word' id='word_1_386' title='bbox 367 3879 402 3929; x_wconf 90' lang='lat' dir='ltr'><strong><em>ut</em></strong></span> <span class='ocrx_word' id='word_1_387' title='bbox 417 3873 522 3926; x_wconf 85' lang='lat' dir='ltr'><strong><em>tomen</em></strong></span> <span class='ocrx_word' id='word_1_388' title='bbox 534 3883 628 3944; x_wconf 88' lang='lat' dir='ltr'><strong><em>penes</em></strong></span> <span class='ocrx_word' id='word_1_389' title='bbox 640 3865 716 3923; x_wconf 86' lang='lat' dir='ltr'><strong><em>illos</em></strong></span> <span class='ocrx_word' id='word_1_390' title='bbox 728 3883 850 3923; x_wconf 83' lang='lat' dir='ltr'><strong><em>summa</em></strong></span> <span class='ocrx_word' id='word_1_391' title='bbox 866 3871 909 3924; x_wconf 84' lang='lat' dir='ltr'><strong><em>ut</em></strong></span> <span class='ocrx_word' id='word_1_392' title='bbox 922 3881 978 3936; x_wconf 84' lang='lat' dir='ltr'><strong><em>po·</em></strong></span> 
     </span>
     <span class='ocr_line' id='line_1_55' title="bbox 22 3947 110 3998; baseline 0.045 -4"><span class='ocrx_word' id='word_1_393' title='bbox 22 3947 110 3998; x_wconf 81' lang='lat' dir='ltr'><strong><em>estas.</em></strong></span> 
     </span>
    </p>
   </div>
   <div class='ocr_carea' id='block_1_7' title="bbox 32 4127 923 4246">
    <p class='ocr_par' dir='ltr' id='par_1_19' title="bbox 32 4127 923 4246">
     <span class='ocr_line' id='line_1_56' title="bbox 32 4127 923 4246; baseline -0.012 -21"><span class='ocrx_word' id='word_1_394' title='bbox 32 4127 108 4240; x_wconf 74' lang='lat' dir='ltr'><strong><em>Gelu</em></strong></span> <span class='ocrx_word' id='word_1_395' title='bbox 126 4171 184 4228; x_wconf 71' lang='lat' dir='ltr'><strong><em>xis.</em></strong></span> <span class='ocrx_word' id='word_1_396' title='bbox 207 4173 277 4228; x_wconf 73' lang='lat' dir='ltr'><strong><em>Tac.</em></strong></span> <span class='ocrx_word' id='word_1_397' title='bbox 293 4165 369 4224; x_wconf 66' lang='lat' dir='ltr'><strong><em>Am.</em></strong></span> <span class='ocrx_word' id='word_1_398' title='bbox 383 4167 411 4236; x_wconf 78' lang='lat' dir='ltr'><strong><em>t,</em></strong></span> <span class='ocrx_word' id='word_1_399' title='bbox 428 4165 472 4224; x_wconf 78' lang='lat' dir='ltr'><strong><em>sb.</em></strong></span> <span class='ocrx_word' id='word_1_400' title='bbox 489 4161 559 4220; x_wconf 85' lang='lat' dir='ltr'><strong><em>Dio.</em></strong></span> <span class='ocrx_word' id='word_1_401' title='bbox 586 4163 657 4246; x_wconf 66' lang='lat' dir='ltr'><strong><em>Tse.</em></strong></span> <span class='ocrx_word' id='word_1_402' title='bbox 673 4157 751 4216; x_wconf 71' lang='lat' dir='ltr'><strong><em>Auo.</em></strong></span> <span class='ocrx_word' id='word_1_403' title='bbox 771 4173 795 4228; x_wconf 85' lang='lat' dir='ltr'><strong><em>t,</em></strong></span> <span class='ocrx_word' id='word_1_404' title='bbox 808 4153 837 4216; x_wconf 73' lang='lat' dir='ltr'><strong><em>b·</em></strong></span> <span class='ocrx_word' id='word_1_405' title='bbox 855 4153 923 4214; x_wconf 74' lang='lat' dir='ltr'><strong><em>Dio·</em></strong></span> 
     </span>
    </p>
   </div>
   <div class='ocr_carea' id='block_1_8' title="bbox 0 0 1334 4686">
    <p class='ocr_par' dir='ltr' id='par_1_20' title="bbox 0 0 1334 4686">
     <span class='ocr_line' id='line_1_57' title="bbox 0 0 1334 4686; baseline 0 0"><span class='ocrx_word' id='word_1_406' title='bbox 0 0 1334 4686; x_wconf 95' lang='lat' dir='ltr'><strong><em> </em></strong></span> 
     </span>
    </p>
   </div>
  </div>
 </body>
</html>
