2654 4686
873 19 881 50 Ι

1103 295 1110 330 l

169 323 213 389 ΙΝ
230 323 382 392 Locum
401 329 800 408 Ltss.cxxx111.1.tvlt.
925 341 987 427 6¹9

517 465 985 508 i'·-····—·-··-—·—·--

38 539 128 600 lentes
144 531 295 614 addabatr
318 539 507 603 miserrimis
521 541 703 608 homiuibus
718 549 914 630 gracillimus
930 572 983 616 cs·
1013 554 1048 612 U·
1063 571 1093 610 0·
1107 525 1168 622 tii·

37 619 166 678 leuitatea
185 617 408 698 incubuerunt.
1011 625 1046 681 Α.
1059 626 1094 682 c.
1105 627 1150 682 δι.

81 723 139 785 Vll.
162 723 298 796 Multos,
328 723 359 788 e't
376 728 548 814 praecipue
566 741 693 806 nautas,
723 734 858 800 intactus
880 735 981 801 adhuc
1013 763 1173 834 2571th

36 805 87 885 igni
101 805 198 864 tunna
214 821 343 869 enecat:
369 811 423 872 alii
443 813 581 874 medium
598 814 683 876 inter
702 815 883 900 incendium
903 833 980 882 tam·
995 831 1168 888 sostratus·

37 907 105 966 quarn
123 887 151 945 in
170 887 294 947 camino
311 889 463 953 affantur:
495 889 622 957 videres
647 898 759 970 etiam,
793 919 871 982 quoa
884 901 980 984 ipae,
994 917 1039 972 8⁰·

35 987 96 1046 qnae
109 967 221 1028 tuendo
240 973 370 1052 corpori
389 989 598 1056 sumpserant,
621 997 704 1038 artua
721 982 884 1063 conceptio
898 983 982 1044 iuni·
1088 990 1091 1000 ⁴

33 1048 78 1108 bns
96 1061 261 1109 torrerent.
298 1071 378 1132 quae
398 1055 452 1138 qui
472 1056 671 1133 abjecerunt,
701 1061 825 1122 eminut
850 1061 982 1125 holitum

35 1129 89 1188 telis
104 1129 420 1194 convulnerabantur.
463 1139 513 1198 Ne
528 1137 654 1221 quidem
671 1140 709 1201 iu
718 1161 804 1202 mare
818 1141 981 1206 desitutus
1005 1165 1008 1171 ·

32 1207 179 1290 proderat:
212 1231 316 1292 quum,
332 1215 412 1276 alios
434 1215 577 1280 hauriret
598 1221 699 1294 unda,
733 1224 782 1284 vel
809 1221 983 1287 incidentia

32 1291 78 1348 tela
94 1291 171 1351 inter
191 1290 277 1374 ipsas
294 1317 389 1378 equae
409 1295 623 1361 conficerent:
645 1323 719 1384 pars
737 1325 752 1362 a
769 1305 899 1366 marinis
915 1305 984 1368 bal·

30 1370 76 1430 luis
94 1372 265 1456 intercepto
284 1375 489 1440 laceraretur.
535 1381 612 1452 Soli,
636 1395 670 1442 ut
683 1383 737 1444 tali
752 1398 907 1468 tempore,
923 1387 984 1448 mi·

30 1453 93 1512 tiore
111 1451 171 1515 feto
188 1455 373 1537 perierunt,
400 1461 473 1544 qui,
505 1463 688 1546 priusquam
709 1463 761 1525 itta
783 1481 981 1550 paterentur,
1014 1475 1021 1484 “

29 1535 121 1594 nrutuis
140 1535 337 1610 vulneribus,
361 1558 412 1602 aut
431 1563 485 1602 sua
502 1563 594 1604 manu
611 1548 780 1629 perempti,
804 1547 982 1632 simplicem

28 1629 156 1686 utonem,
181 1629 214 1677 ct
236 1618 267 1677 in
290 1619 369 1702 ipsis
392 1623 526 1686 navibus
549 1625 615 1686 suia
638 1623 755 1688 bullum
776 1627 980 1694 invenerunt.

28 1697 88 1754 l'um
116 1695 264 1773 dentum,
306 1699 464 1786 postquam
487 1725 558 1764 eum
582 1707 614 1766 in
640 1703 744 1768 ilatum
768 1702 900 1772 deducta
925 1733 980 1774 ree
1008 1708 1010 1712 ’

26 1791 93 1848 erat,
122 1791 189 1840 tuto
212 1781 364 1876 suggrerli
386 1805 421 1845 se
443 1785 530 1868 polle
551 1787 611 1850 ruti
630 1787 790 1861 victores,
822 1805 854 1853 ut
882 1807 1003 1875 pecu-¹

25 1859 105 1930 niam,
148 1881 218 1920 uam
240 1863 382 1926 sotebant
398 1865 460 1940 elle
479 1865 511 1926 in
527 1867 676 1940 navibus,
699 1869 895 1954 diriperent,
918 1872 977 1935 ilua

24 1936 95 2001 diosa
113 1881 353 2026 adnavigarent.
395 1951 464 2009 Nec
483 1947 609 2010 aliunde
630 1949 729 2028 major
749 1971 783 2012 ea
801 1951 853 2014 die
871 1953 978 2016 clades

23 2015 60 2078 lais
78 2023 216 2100 partibus
236 2023 366 2090 exstititt
389 2049 454 2090 non
476 2029 569 2090 modo
593 2031 711 2093 milites
758 2033 880 2104 lurimi,
896 2034 977 2095 ,dum

22 2105 199 2246 extinppaere
224 2106 329 2190 ignem
345 2123 481 2192 parant,
510 2109 658 2184 ambusti,
691 2053 900 2176 redatruare
920 2135 977 2176 ua·

22 2201 81 2256 res,

68 2279 78 2325 t
133 2183 277 2251 ossilibus
307 2205 477 2276 correptas
507 2189 763 2278 harpagouibus,
787 2192 975 2280 'conflagra-

22 2283 65 2322 ΝΠ
79 2307 86 2326 a
553 2321 555 2326 ,

63 2373 139 2434 Vlll.
171 2375 262 2439 Haec
281 2399 322 2461 pn
348 2401 403 2452 na,
426 2377 603 2442 antediem
627 2394 771 2463 quartum
789 2383 896 2446 Nonas
915 2383 974 2446 Se·
1006 2382 1128 2441 mer-ma

22 2453 159 2530 pteubres
189 2397 366 2532 committis,
400 2457 578 2538 hujusmodi
607 2461 723 2522 exitum
750 2457 878 2538 hahuit,
914 2485 975 2606 per
988 2453 1124 2511 01'1071'1·

22 2549 121 2596 noctem
141 2539 237 2600 etiam
253 2539 462 2603 obstinatione
480 2543 682 2639 percuntium
701 2545 891 2618 continuata,
939 2567 977 2607 o·

22 2633 71 2685 teo,
92 2618 302 2682 illucescente
317 2621 380 2694 die,
404 2623 458 2706 qui
478 2645 510 2684 an
528 2623 601 2685 navi
617 2639 871 2706 pernoctaverat,
894 2627 989 2690 Cae..

22 2717 69 2768 ur,
96 2697 154 2772 iam
175 2702 246 2763 sine
263 2705 453 2786 exceptione
468 2704 590 2774 victor,
619 2703 763 2785 adeoque
784 2707 973 2774 soluereli·
1008 2719 1012 2726 “

22 2783 248 2856 {uuallomanae
264 2783 313 2844 rei
329 2800 438 2846 rector
452 2785 698 2866 intelligeretur.
741 2787 817 2846 Nam
833 2785 885 2846 illa
900 2785 971 2850 dies

22 2859 140 2924 alutaris
160 2862 204 2925 ett
223 2863 328 2924 habita
345 2865 562 2947 reipublicae,
586 2878 617 2926 et
636 2863 711 2925 inde
731 2877 854 2948 tempas
869 2868 970 2950 impe-

22 2941 122 3018 tirius
144 2946 293 3028 praecise
313 2960 524 3029 computatur.
567 2947 664 3008 Caesa
688 2945 818 3007 fuerunt
836 2943 970 3008 hostium

22 3019 91 3084 nillia
108 3028 187 3108 quin
212 3047 264 3098 ue,
285 3047 384 3088 nares
404 3025 507 3088 omnia
527 3025 656 3110 generis
671 3040 781 3108 ceptae
795 3039 967 3102 trecentae,

23 3103 75 3166 iout
93 3107 166 3189 ipse
188 3048 304 3170 gueser
332 3109 365 3168 in
395 3109 631 3170 commentariis
654 3107 721 3171 suia
744 3107 884 3170 detulilie
904 3121 968 3168 tra-

22 3183 88 3245 litur.
131 3192 210 3250 Nem
237 3189 291 3249 alii
320 3189 469 3252 cecidille
495 3190 592 3250 millia
618 3185 787 3250 duodecim
813 3209 852 3250 ex
872 3189 966 3263 victis

22 3265 226 3356 aediderunt,
258 3289 314 3332 sex
333 3271 518 3348 vulnerata„¹
547 3289 595 3332 ex.
609 3269 771 3336 liniator
792 3267 967 3335 curandum

22 3343 79 3412 itte
99 3363 257 3412 mortuos.
362 3389 365 3394 v

53 3455 101 3514 lx.
125 3455 170 3518 At
184 3459 310 3530 Caesar,
334 3457 422 3519 millo
439 3475 509 3518 cum
523 3455 676 3517 Liburnis
691 3459 886 3526 Maecenate,
909 3454 964 3540 qui
995 3459 1148 3544 essitare
1215 3525 1217 3532 .

22 3536 115 3616 tugiua
141 3538 369 3622 insequeretur
388 3539 569 3622 fugientes,
593 3537 632 3616 ad
652 3535 791 3600 honores
809 3539 963 3610 Deorum,
979 3531 1165 3600 At⁰i¹¹⁸5¹⁸⁸·=

29 3617 137 3696 quibus
154 3619 279 3700 adjutus
295 3617 385 3681 credi
401 3619 547 3691 volebat,
571 3637 605 3681 se
620 3619 761 3683 contulit.
805 3620 863 3689 Er,
893 3631 965 3681 ante
978 3600 1148 3654 imum*

22 3709 116 3759 eteros
141 3701 324 3786 Apollinem
350 3701 617 3773 coleresolitus,
649 3719 665 3760 a
692 3715 757 3796 quo
783 3712 814 3761 et
838 3700 966 3795 genitus

22 3775 147 3843 audebat
163 3779 350 3856 existimari,
379 3795 440 3844 tam
466 3803 535 3844 uam
555 3794 716 3864 praesenti
736 3783 857 3842 numini
879 3780 966 3857 (uam

22 3859 71 3936 pud
90 3861 219 3926 Actium
239 3862 350 3927 aedem
367 3804 502 3926 habeiat
522 3861 714 3948 antiquitus)
737 3861 847 3923 decem
865 3880 965 3923 neves

26 4049 185 4119 canunt
204 4048 355 4115 orate..
374 4049 460 4105 orm.
482 4006 604 4104 sisa...
619 4047 692 4120 aug.
706 4066 746 4114 17.
765 4045 832 4101 or..
851 4044 952 4100 varta

22 4139 33 4170 r.
52 4119 116 4172 Dio.
138 4121 212 4174 Plut.
230 4121 318 4174 Oros.
359 4117 497 4192 cap.1x.
521 4117 620 4171 Acron
643 4116 673 4168 iu
690 4081 965 4197 Hor.Epotl.t.ei
1007 4147 1011 4152 -
1103 4193 1110 4198 -
1219 4146 1221 4154 ·

22 4183 66 4242 rdo
81 4187 272 4280 Albinorpia
285 4189 418 4246 Maereat.
437 4185 567 4290 obitum,
586 4203 614 4241 r.
630 4183 676 4254 tt.
698 4187 770 4244 Dru·
