2688 4698
151 291 197 355 an
216 290 369 356 noenu
389 292 472 354 nra.
488 289 661 358 cxxxvi.
683 285 799 355 mvn.
880 247 884 252 ¹
922 245 1016 372 ata.⁸

27 521 67 560 am
86 518 149 560 nac
183 521 243 583 par
269 497 350 559 illud
376 500 462 560 inter
487 497 625 575 majores
650 499 818 570 consules,
849 499 904 582 qui
925 519 986 558 no·
1018 493 1164 561 lle-735·

27 603 71 642 reu
87 601 173 642 anno
188 581 314 652 dabant,
331 582 497 664 reperias:
515 593 548 641 et
564 579 626 642 boo
638 579 767 662 quidem
785 601 867 641 anno
882 579 986 640 iactos
1017 565 1050 618 Α·
1063 565 1096 632 ⁰²
1111 579 1154 632 ¹7·

27 663 247 744 xpriscorum
267 676 545 722 monumentorum
566 659 631 721 lide
655 661 732 720 satis
754 659 881 721 constat.
923 661 987 721 ilis

27 743 84 804 adis
114 741 247 824 Augusti
273 743 352 820 julla
379 744 524 804 seculare
554 759 681 802 carmen
708 742 862 802 Horatius
890 747 986 824 poeta

28 823 158 885 ondidit.
202 825 306 884 Ullum
318 841 364 885 'eo
384 838 531 907 tempore
550 837 741 884 nocturnum
770 843 784 882 s
809 824 987 883 ectaculum

35 905 200 984 juvenibus
215 905 383 988 utriusque
401 925 496 966 sexus
511 905 710 988 frequentari
724 845 891 986 proiibuit
906 905 987 965 Cae-

28 1009 73 1055 ar,
103 988 260 1048 ulsinum
281 987 390 1069 aliquo
411 985 532 1066 majore
554 999 629 1046 natu
649 985 915 1067 propinquorum.

63 1069 189 1130 XLVII.
214 1071 295 1127 'I'um
315 1077 453 1150 'quoquc
473 1069 672 1136 Germanos,
695 1065 856 1126 vlndictae
874 1067 986 1148 magis,
1018 1070 1145 1124 Germana·

27 1171 95 1234 [uam
105 1149 260 1218 cautioni,
276 1149 428 1219 intentos,
440 1153 483 1209 Μ.
495 1149 618 1208 Lollius
630 1148 753 1228 legatus
763 1148 911 1209 Caesaris
921 1149 984 1208 cir·
999 1142 1166 1218 utncrenrnrta

27 1233 168 1292 tumrenit
186 1229 327 1301 insidiis,
350 1233 506 1314 gravique
527 1229 617 1290 olade
640 1229 777 1289 vexavit.
820 1229 862 1289 At
882 1230 914 1287 in
931 1249 986 1287 ur·
1002 1207 1154 1262 mmm·

27 1313 145 1394 relegis
170 1311 300 1372 Cinciae
321 1323 430 1392 caput,
463 1329 504 1371 ne
523 1310 596 1393 quis
618 1307 659 1370 ob
683 1309 815 1369 cauffam
835 1309 989 1383 orandam
1055 1366 1064 1382 s

27 1395 174 1454 recuniam
190 1391 352 1454 donumve
366 1391 516 1475 adcipiat,
540 1391 686 1470 revocari
702 1389 822 1485 placuit
832 1411 844 1468 3
864 1389 987 1461 addito,

27 1491 45 1536 ιι
63 1472 273 1556 quadruplum
293 1471 490 1555 perderent,
524 1473 576 1554 qui
601 1469 814 1552 adcepsllent:
843 1470 991 1549 judices,

29 1579 43 1614 ιι
65 1575 156 1638 quem
179 1575 294 1614 annum
312 1553 419 1614 sortiti
436 1555 555 1622 allent,
586 1551 699 1613 domos
716 1551 906 1634 litigantium
926 1571 994 1612 nou

28 1638 150 1718 ngredi:
174 1635 378 1698 senatoribus
398 1637 492 1695 etiam
507 1631 769 1716 infrequentibus
784 1633 894 1716 augeri
908 1633 992 1692 mul·

27 1731 102 1784 ztan.
134 1729 169 1778 et
191 1717 248 1800 qui
271 1715 342 1777 siue
371 1715 534 1798 probabili
559 1713 661 1777 caulla
687 1713 720 1772 in
743 1715 864 1775 curiam
883 1715 990 1776 serius

27 1798 218 1860 idcellill'ent.
417 1841 422 1846 -
474 1827 477 1834 ⁴

69 1881 210 1942 XLVIII.
233 1880 271 1939 L.
292 1877 438 1939 Domitio
460 1875 930 1946 cenomannorum,
949 1879 988 1938 P.
1022 1875 1057 1932 ll·
1073 1891 1100 1930 ο·
1115 1875 1177 1946 736·
1242 1924 1247 1932 .

27 1961 322 2022 narnensem.
339 1963 378 2022 n.
397 1959 450 2020 sa
476 1960 551 2020 aona
568 1959 778 2031 ιιιιιιιιιι,
815 1959 848 2019 ιι
869 1959 989 2026 nana.
1019 1945 1057 1999 A·
1071 1943 1160 2026 ⁰³⁶:
1267 1982 1270 1994 ,

27 2041 214 2102 traiecturus
234 2041 352 2102 Caesar
364 1981 517 2122 templum
537 2039 668 2132 Quirini
687 2040 843 2101 relectum
861 2041 988 2100 aaede·
1019 2016 1054 2096 .¹⁴·
1068 2016 1177 2134 ¹¹2¹me

27 2119 151 2198 lirarit3
173 2121 207 2182 in
228 2142 293 2204 quo
311 2141 406 2205 quum
423 2141 480 2181 ser
492 2133 524 2180 et
537 2122 738 2209 septuaginta
757 2121 920 2182 columnas
934 2141 991 2204 po·
1006 2093 1178 2204 fflgo'cssfg
1239 2167 1241 2174 ,

27 2203 138 2275 millet,
172 2201 335 2286 postquam
354 2199 488 2262 totidem
506 2221 606 2262 annos
629 2201 992 2284 vivendoerplcserat,
1028 2219 1162 2286 nupta.

27 2305 75 2342 non
95 2299 218 2346 temere
239 2283 350 2345 facille
373 2279 566 2342 existimatus
584 2279 637 2342 cll.
661 2283 738 2343 Inde
754 2303 814 2366 per
826 2284 993 2344 'liberium
1009 2287 1123 2354 Quiri-t.

27 2379 49 2426 at
63 2367 201 2426 Drusum
224 2365 413 2448 privignos,
449 2363 567 2445 quibua
592 2363 675 2426 hunc
697 2363 855 2426 honorem
881 2363 993 2428 decer·
1026 2354 1181 2420 ⁶¹¹7&st

27 2445 148 2506 nendum
167 2447 206 2506 ab
219 2459 330 2508 senatu
349 2457 527 2516 curaverat,
550 2465 664 2504 munus
683 2443 908 2524 gladiatorium
926 2424 1180 2508 edi-st'ufi'W‘

27 2525 70 2586 lit.
109 2528 242 2588 Itineris
267 2525 418 2596 caullam,
447 2525 503 2608 qui
528 2540 670 2588 secretas
691 2526 854 2608 Principis
874 2495 1143 2614 cogitat-{³:}}',·⁸„::‚¹
1198 2589 1203 2610 ,

27 2607 116 2668 tiones
132 2609 300 2680 rimantur,
323 2621 366 2680 et,
386 2606 450 2666 nisi
469 2607 643 2688 reperiant,
667 2603 801 2688 lingunt,
826 2629 997 2689 numquam

27 2689 65 2748 rol
90 2689 295 2752 evidentibus
322 2687 485 2760 contenti,
515 2689 629 2769 partim
648 2688 680 2747 in
709 2690 797 2769 leges
822 2709 927 2769 nuper
950 2689 1000 2750 la·
1105 2739 1107 2742 .

27 2783 62 2830 tas
80 2771 284 2841 referebant,
319 2788 396 2850 quas
418 2782 471 2828 aut
492 2769 638 2830 exerceri
662 2789 734 2830 oum
760 2768 913 2840 oil'ansa,
943 2783 999 2830 ιιιιι

27 2852 135 2934 negligi
158 2873 229 2913 cum
246 2849 408 2911 dedecore
427 2869 507 2932 opus
527 2849 621 2924 ellat3
644 2849 719 2909 ideo
737 2849 868 2912 Solonis
887 2870 996 2911 exem·

27 2933 69 3012 plo
86 2933 149 2993 sibi
167 2930 462 3016 peregrinationem
481 2929 640 2992 indixillc.
662 2935 730 2994 Nec
748 2929 902 3002 dcerunt„
925 2932 992 3012 qui,

27 3027 52 3072 ut
64 3034 169 3074 amora
181 3011 381 3074 Terentillae
396 3012 541 3072 securius
556 3009 732 3082 frueretur,
756 3031 861 3094 neque
873 3033 999 3075 aermo-

27 3082 106 3154 nibus
128 3095 161 3156 in
179 3095 260 3156 urbe
280 3113 345 3154 non
366 3091 505 3154 vitandis
527 3112 626 3174 seque
651 3106 684 3152 et
700 3093 785 3153 illam
808 3091 932 3154 traduci
952 3094 997 3154 si-

27 3191 126 3250 neret,
157 3177 192 3237 id
212 3175 342 3238 consilii
368 3173 485 3256 capillo
510 3172 665 3234 dicerent.
689 3173 780 3235 Hanc
803 3175 889 3234 enim
911 3178 1002 3236 illac·

27 3260 118 3318 cenati
137 3279 180 3318 nu
206 3273 267 3319 tam
289 3255 336 3317 sic
358 3253 545 3336 deperibat,
578 3267 613 3314 ut
641 3275 709 3314 earn
734 3255 907 3335 aliquando
928 3275 1001 3330 cer-

27 3349 85 3398 tare
110 3339 151 3400 de
180 3282 284 3400 larana
316 3357 386 3399 cum
409 3334 502 3396 Liria
526 3335 748 3416 compellarat.
792 3336 943 3396 Ceterum
967 3337 1003 3396 irs

27 3422 186 3502 propatulo
209 3419 385 3481 Galliarum
405 3428 475 3478 erat
490 3417 639 3487 fortuna,
672 3436 753 3498 quae
770 3416 869 3480 variis
887 3439 902 3475 a
920 3416 1003 3476 nati-

29 3499 132 3561 onibus
154 3501 352 3572 vexabatur,
376 3513 408 3559 et
426 3497 658 3558 Germanorum
674 3497 799 3582 magnis
813 3509 881 3558 acta
898 3511 1005 3560 terro-

29 3580 109 3641 ribus
127 3601 235 3642 euram
257 3577 388 3662 Augulli
408 3577 626 3639 desiderabat.

81 3665 192 3724 XLIX.
217 3661 396 3734 Sicambri,
427 3661 596 3744 Usipetes,
627 3657 830 3732 Tenclateri,
861 3671 1009 3718 nontam
1039 3657 1166 3709 (imni
1207 3685 1209 3688 ·

29 3739 113 3806 lraoti
131 3743 299 3826 prioribus
314 3741 462 3826 proeliis,
488 3761 582 3824 quam
599 3739 732 3813 irritati,
753 3723 1131 3859 comprehensosfflitlss
1146 3740 1194 3778 Μ·

64 3931 132 4004 Gap.
151 3931 253 3986 XLVI.
289 3929 455 3984 Commeat.
474 3927 504 3980 in
522 3925 635 3994 Fallos,
663 3923 881 3997 ctPigh.lnn.
898 3923 1007 3977 zosim.

36 3997 181 4053 Censorio.
203 3999 274 4052 Dio.
309 3999 385 4071 Cap.
401 3997 517 4052 XLVII.
540 3997 610 4049 Tac.
628 3995 704 4048 dnn.
722 4011 768 4052 ar,
788 4010 827 4045 ιι.
852 3993 918 4046 Vita
935 3993 1009 4046 lior.

35 4066 105 4189 ffld
118 4068 242 4150 sueton.
262 4066 387 4123 Sueten.
403 4068 478 4141 Aug.
490 4065 535 4121 aa.
551 4062 611 4120 Jul.
623 4062 736 4136 Obseq.
752 4063 823 4118 Tac.
839 4061 914 4116 Ina.
928 4060 1009 4126 snb.
