2654 4686
180 305 222 370 ΙΝ
241 301 393 368 Locum
415 303 499 366 Lm.
521 301 648 366 CXXX.
670 303 787 372 Ltvtt.
919 305 979 386 673

39 439 969 464 ῥ--ι--ῌ--ῌ--ᾐ-

80 517 203 578 Xlll'lll.
226 515 355 606 Quippe
380 515 413 576 in
434 513 570 596 Syriam,
593 527 687 598 etque
707 513 782 576 inde
800 517 978 600 Aegyptum
1011 511 1044 569 U·
1061 529 1086 566 e·
1099 507 1159 596 psi.

37 619 198 742 properans,
232 611 264 657 ut
287 597 368 682 apud
391 599 591 694 Cleopatram
609 595 782 668 hiemaret,
802 617 909 686 neque
929 597 977 657 hi·
1010 583 1142 635 ⁸·⁰·3⁶·

54 703 109 741 ern-a
129 677 242 740 habere
268 680 300 739 in
326 681 474 740 Armenia
501 677 620 750 voluit,
651 697 710 738 neo
737 697 807 738 curn
836 679 875 740 e'o
900 653 1151 786 1·pge.2⁴'gfe'2:‘;·
1212 672 1215 683 “

38 765 142 824 bellurn:
170 761 276 820 multis
302 759 541 843 instigantibus,
578 779 618 820 ne
644 755 813 842 perfidiam
838 759 1163 860 bonttntsmw„

38 845 137 904 inultam
161 855 333 926 pateretur.
383 847 449 906 Nec
469 841 552 902 enim
573 839 792 906 dubitabatur.
825 837 901 924 quin
922 841 1069 922 illesm,

38 924 169 984 uictoriam
189 923 366 984 Parthicam
385 943 480 986 oorru
506 924 594 984 ittet:
648 919 752 982 nando
777 921 863 983 inter
879 919 979 1004 prod·

40 1003 188 1066 clarenduna
214 1001 462 1099 proiligarerant
484 941 737 1065 intendentes
764 1005 887 1076 octies,
921 1001 980 1066 sed

39 1086 84 1148 leri
105 1086 275 1148 cedentium
299 1089 430 1158 damno,
462 1105 543 1170 quos
565 1089 700 1169 propter
721 1083 923 1146 velocitatem
945 1105 980 1146 e·

42 1189 142 1250 quornm
161 1167 292 1252 adsequi
313 1167 445 1230 llomani
468 1187 529 1230 non
552 1179 732 1250 potuerant.
761 1166 846 1248 quod
871 1166 899 1226 si
917 1165 980 1227 Ar-

40 1249 110 1310 nenii
127 1251 266 1334 equites,
289 1248 414 1312 adsueti
431 1249 583 1312 Parthico
605 1245 703 1320 bolli,
735 1267 839 1332 neque
862 1247 979 1308 eeleri-

38 1345 83 1392 tate
103 1335 247 1414 impares,
285 1331 470 1405 adluilsent,
506 1331 620 1413 ingens
651 1329 828 1412 perieulum
851 1325 979 1390 Parthis

39 1413 218 1482 incubuerat,
258 1431 323 1486 ne,
365 1411 625 1498 propulsantibus
657 1410 834 1482 Romanis,
865 1428 978 1492 perse·

41 1493 177 1576 questibus
204 1493 388 1568 Armeniis,
428 1493 672 1576 grandi,sliquo
704 1491 881 1552 infortunio
913 1511 979 1552 ma·

40 1589 177 1635 etareutur.
221 1575 286 1637 Sed
310 1577 486 1648 Antonius,
509 1575 541 1634 in
564 1573 623 1634 alia
642 1587 785 1654 tempora
806 1569 977 1634 vindictam

41 1655 177 1728 littereas,
215 1657 379 1740 pecuniam
404 1671 436 1720 et
462 1667 670 1718 commeatum
702 1655 740 1714 ab
767 1674 865 1736 rege,
900 1666 980 1722 tam·

41 1759 107 1818 quarn
131 1738 215 1800 suein
245 1739 421 1810 eramiae,
452 1737 597 1820 adeepit:
633 1755 737 1818 neque
762 1733 981 1820 proditionem

39 1820 248 1899 exprobrando,
273 1841 311 1886 ne
337 1841 376 1880 ue
392 1819 465 1882 ullis
481 1819 553 1880 aliis
572 1819 603 1878 in
619 1817 716 1878 rebus
736 1817 883 1898 priorum
900 1829 980 1878 tem·

39 1920 125 1982 porum
140 1841 356 1985 praetermili'a
377 1915 429 1966 sut
445 1901 609 1962 imminuta
627 1899 787 1960 comitate.

82 2063 180 2127 xxtx.
208 2067 258 2126 Ex
276 2065 444 2138 Armenia,
466 2063 543 2126 lieet
563 2061 623 2142 jam
642 2061 746 2124 adulta
764 2060 868 2124 biems
883 2061 978 2134 ellet,
1012 2105 1060 2162 P„
1073 2111 1155 2160 um..

39 2164 83 2228 per
102 2147 259 2210 continuas
286 2150 376 2208 nives
402 2143 632 2228 Cappadociam
658 2143 772 2225 raptim
800 2143 1061 2228 transieram„
1078 2177 1150 2228 dves

39 2227 209 2288 Antiochiam
228 2230 395 2311 pervenit:
418 2225 541 2288 neoibi
560 2238 788 2294 commoratus,
813 2243 883 2284 eum
904 2243 979 2306 paa-
995 2244 1157 2314 cappadoce

41 2309 73 2367 ris
92 2309 124 2368 ad
144 2330 228 2372 mare
250 2309 435 2382 deseendit,
466 2319 496 2370 et
523 2309 564 2368 in‘
584 2303 708 2370 castello
733 2304 868 2387 quodam
897 2305 1157 2366 interamna.
1190 2332 1193 2338 2

38 2389 159 2470 berytum
180 2407 212 2454 et
233 2391 391 2473 Sydunem
416 2393 517 2468 (sicum
540 2387 628 2448 albam
652 2386 822 2464 vocabant)
847 2387 983 2470 Cleopa·

39 2481 97 2530 tran
114 2478 324 2556 exspectarim
356 2492 452 2556 saepo
478 2491 495 2532 a
521 2467 663 2554 poculis,
693 2468 807 2551 quibus
826 2469 983 2550 intempe-

39 2569 122 2613 ranter
138 2555 370 2626 delectabatur,
393 2553 561 2626 exsiliens,
585 2565 619 2612 nt
632 2551 852 2632 specularetur
866 2549 984 2612 adren-

40 2645 87 2692 tum
103 2635 173 2713 ejus.
224 2633 388 2719 Postquam
407 2635 466 2706 illa¹
478 2631 598 2705 adluit,
629 2629 742 2692 vellem
765 2644 797 2692 et
818 2630 984 2712 pecuniam

39 2718 168 2777 exercitui
188 2717 318 2788 divisit,
341 2718 482 2800 quinque
503 2729 535 2776 et
554 2713 685 2796 triginta
704 2711 855 2772 denarios
875 2712 983 2792 singu-

38 2793 82 2866 lis,
109 2811 258 2882 tamquam
282 2797 417 2858 adlatum
442 2818 458 2856 a
482 2797 649 2878 Cleopatra
673 2791 868 2854 donativum.
918 2789 984 2852 Sed

38 2877 77 2936 alii
96 2879 201 2941 sellem
221 2901 238 2940 s
256 2881 365 2962 regina
381 2877 609 2962 suppeditatam
627 2874 723 2952 ajunt,
745 2873 910 2958 pecuniam
925 2891 984 2932 ne·
1036 2888 1040 2899 ’

38 2971 108 3038 gant:
133 2977 273 3023 ceterum
293 2961 380 3022 illius
399 2961 527 3020 nomine
547 2955 767 3026 distributam,
789 2955 827 3016 ab
846 2955 984 3037 impera-

39 3049 91 3101 ture
105 3044 275 3124 prolectam
291 3042 364 3104 elle.
407 3041 469 3102 Hie
486 3037 700 3123 expeditionis
714 3037 912 3098 Antonianae
929 3055 985 3096 ex·

38 3117 85 3181 itus
103 3145 191 3205 quum
206 3127 327 3186 Romae
349 3143 410 3184 non
433 3124 652 3206 ignoraretur,
682 3131 714 3179 et
732 3119 812 3180 fama
833 3118 985 3178 nuneisn·
1092 3139 1096 3152 ¹
1139 3127 1144 3136 ’

38 3207 254 3278 teneritatem,
287 3220 321 3302 et
342 3205 515 3300 diligenter
537 3201 722 3348 explorante
744 3213 854 3261 cuneta
871 3201 986 3260 Caesa·

38 3280 913 3452 littltltffPtlzttll‘tttpl'lallttttltl}
923 3299 986 3422 tt:

38 3443 127 3520 dibus,
149 3449 382 3520 tantummodo,
405 3448 432 3510 si
451 3469 511 3546 qua
532 3461 620 3509 erant
637 3445 743 3528 paullo
764 3445 914 3515 meliora,
937 3443 987 3502 in·
1068 3489 1071 3498 t

38 3523 122 3590 latius
150 3533 401 3613 perscripserat:
432 3529 517 3612 quod
546 3531 636 3590 virus
665 3545 682 3587 e
709 3526 803 3586 tantis
830 3523 988 3607 perieulis

37 3611 172 3684 erudiret,
197 3613 362 3673 victoriam
378 3631 505 3672 rorans.
546 3613 588 3672 Et
607 3606 835 3692 supersedebat
851 3621 988 3688 arguere

38 3691 152 3765 Caesar,
175 3693 308 3756 durante
330 3693 430 3754 sdbuo
452 3691 541 3753 Sexti
561 3691 662 3753 bello:
693 3687 767 3749 dein
789 3701 874 3748 ratus
895 3687 987 3774 loro,

38 3775 223 3838 atdutonius
247 3797 303 3837 sue
325 3775 387 3838 sibi
408 3773 558 3838 vecordia
581 3771 696 3833 melam
715 3769 895 3832 aroelieret.

67 3999 132 4072 Cap.
152 4003 282 4058 xxvut.
308 4002 389 4058 Flor.
412 4001 474 4056 Lis.
497 4001 519 4055 E
542 3999 575 4054 it.
600 3997 678 4052 rtur.
704 3995 773 4050 Dio.
798 3991 874 4074 Plut.
917 3989 991 4114 (lap.

35 4067 116 4196 {ff}
125 4070 202 4198 glou·
221 4073 301 4129 Flor.
319 4071 396 4131 rtur.
417 4071 504 4128 Oros.
521 4018 598 4126 blut.
618 4063 810 4137 Dio‚etl’lut.
829 4064 895 4116 Dte.
912 4059 957 4113 ie
981 4095 990 4110 .
