2596 4686
183 331 228 396 nt
249 326 403 394 socon
428 329 513 391 sm.
534 327 645 392 cxnr.
672 329 789 392 siun.
934 337 991 410 ¹49

524 463 980 486 -ὺ--η--ιιι--μ

528 485 532 490 ’
1182 491 1188 521 Ι

26 537 129 606 debat,
159 553 249 598 more
269 537 372 618 magis
393 537 549 608 militiae,
582 557 675 622 qnam
698 537 861 620 pugnandi
883 539 989 600 consi·
1018 531 1055 587 U·
1072 547 1099 586 ⁰·
1113 529 1179 628 ⁷⁰⁵}

23 619 72 685 iio,
98 617 203 700 iacere
229 637 339 698 regem
365 631 499 701 putans,
531 633 564 682 ut
588 639 670 702 opus
697 619 911 702 prohiberet,
937 633 991 682 aut
1018 601 1057 656 Α·
1073 601 1180 668 ΜΊἿ

23 697 182 758 ostenderet
195 695 357 760 fiduciam.
391 699 457 760 Sed
475 697 544 767 ilie,
568 699 638 760 site
659 701 723 762 ioci
739 697 897 762 felicitate
912 721 989 762 con·

23 779 100 848 fisus,
120 778 189 836 sire
208 779 380 856 auspiciis,
402 789 437 836 ut
452 775 558 858 postea
577 780 719 840 auditum
738 775 798 848 eii,
823 779 894 840 sire
914 797 991 850 con,-

23 869 121 938 tnnptu
138 859 324 938 copiarum,
349 878 427 954 quas
447 857 572 917 vicerat
590 859 708 940 prius,¹
723 873 755 918 et
775 859 922 920 veterani
943 859 993 918 sui

21 939 158 998 exercitus
182 939 323 1010 virtute,
355 961 387 999 sn
412 951 619 1022 praeruptam
644 939 775 1010 vallem,
830 959 868 1001 us
896 959 993 1002 nemo

24 1041 95 1078 sanus
111 1017 301 1079 demiss'nrus
318 1019 428 1102 copias
448 1017 662 1092 credebatur,
686 959 873 1094 descerrdit3
906 1039 993 1081 oam-

24 1121 69 1180 qae
81 1119 268 1183 permensus
287 1099 403 1162 eodem
421 1099 523 1183 gradu
542 1099 743 1162 adscendere
758 1121 818 1186 per
831 1099 992 1184 angustam

23 1181 182 1242 rtardaam
204 1182 350 1242 semitam
370 1183 490 1266 coepit.
569 1265 571 1268 Α
1036 1163 1050 1194 '

65 1305 156 1366 xxii
181 1306 312 1378 Caesar,
335 1303 524 1368 incredibili
544 1303 643 1368 hossis
661 1283 791 1368 iudaeis
809 1306 990 1389 oppressus,
1013 1327 1188 1402 ινφρα,

21 1387 104 1446 onnia
122 1388 220 1448 simul
237 1408 336 1470 agere
356 1389 517 1450 neeeii'usn
536 1388 693 1464 habebat3
716 1407 873 1450 revocare
893 1389 932 1450 ab
954 1411 990 1452 ο-
1060 1431 1063 1440 -

20 1487 82 1548 pere
98 1469 237 1540 milites,
260 1490 345 1530 arma
366 1468 480 1550 jubere
502 1489 639 1554 capere.
662 1467 818 1530 instruere
838 1487 990 1548 armatos,

22 1565 57 1610 et.
82 1549 153 1630 quid
175 1550 298 1634 ubique
317 1549 391 1610 iieri
408 1551 527 1624 vellet,
546 1547 735 1614 ostendere.
780 1553 911 1613 interim
930 1555 991 1616 iai.

22 1631 67 1690 cati
90 1651 205 1693 currus
231 1633 320 1714 regis
345 1631 536 1694 adfueruntr
571 1647 604 1694 et
626 1653 686 1716 prp
712 1645 763 1694 ter
788 1633 992 1716 iniquitatem
1083 1631 1085 1638 ’

22 1711 84 1782 loti,
126 1734 297 1796 uamquam
319 1735 336 1774 a
359 1713 610 1798 trepidantibus,
632 1653 838 1788 muititudine
854 1717 993 1780 telorum
1043 1723 1070 1814 't

22 1791 85 1853 haud
104 1735 286 1856 difficulter
309 1817 329 1858 o
355 1797 555 1878 predicunt.
599 1797 742 1880 Sequuta
763 1794 807 1856 ed
827 1799 914 1860 acies
932 1799 992 1862 ho·

22 1873 107 1946 stium,
136 1897 249 1959 neque
276 1819 402 1940 tardata
426 1897 558 1940 suorum
583 1897 660 1940 casu
686 1875 833 1942 coniiisit
858 1883 991 1943 acriter.

23 1956 86 2028 Sed,
115 1959 193 2041 quia
212 1959 245 2018 in
266 1960 442 2022 subeuntes
462 1959 527 2056 piia
549 1979 587 2020 ex
608 1958 994 2036 edito'conjiciebantur,

22 2041 71 2096 rito
87 2053 203 2100 mutata
219 2043 341 2124 proelii
360 2039 403 2102 ed
418 2053 513 2114 ratio,
536 2040 730 2124 praesertim
749 2039 864 2104 dextro
881 2063 995 2116 cornu,

21 2119 164 2187 nbisexta
190 2122 278 2205 legio
298 2121 492 2184 constiterat.
535 2121 684 2194 sinistro,
713 2122 885 2206 mediaque
907 2125 995 2198 scio,

22 2201 132 2274 tardius,
156 2203 219 2264 sed
234 2219 340 2265 tamen
360 2203 458 2287 prodi
483 2205 527 2266 ati
548 2217 621 2266 sunt
640 2202 737 2286 regii,
761 2217 804 2275 et,
828 2225 889 2300 per
902 2227 998 2290 prac-

23 2285 131 2366 cipitem
151 2285 271 2348 vallem
292 2287 374 2358 acti,
406 2225 499 2348 muiii
516 2283 622 2346 hodiii
642 2285 754 2356 ferro,
785 2285 841 2349 aiis
866 2305 998 2349 suorum

22 2365 215 2427 incidentium
234 2368 382 2451 pondere
400 2367 655 2452 procubuerunt.
680 2367 736 2448 qui
755 2374 860 2428 autem
879 2371 998 2431 caieri-

23 2459 70 2508 tate
86 2447 204 2531 pedem
224 2463 394 2533 utramque
415 2450 614 2520 vitaverant,
637 2443 879 2532 nt'expeditius
902 2451 998 2536 suge-

23 2544 86 2600 rent,
106 2532 207 2591 armis
224 2531 395 2615 projectis,
418 2531 458 2592 ad
478 2552 534 2592 sus
554 2527 650 2592 eassra
671 2529 920 2594 contenderunt.
955 2535 1004 2596 Ar.

22 2611 153 2683 Romani,
194 2634 260 2674 non
289 2613 434 2675 contenti
463 2609 701 2696 persequendis
723 2611 762 2672 sd
782 2613 843 2674 insa
867 2615 999 2674 vallium

22 2691 156 2766 iniibus,
181 2694 222 2755 ad
244 2695 376 2756 alteram
396 2709 521 2778 partem
541 2693 762 2764 adscendere,
794 2693 926 2777 vimque
949 2695 998 2756 sa·

21 2793 79 2834 cere
97 2791 297 2860 coeperuntt
321 2797 427 2860 neque
450 2775 575 2847 hostes,
600 2795 788 2860 quamquam
810 2795 828 2836 e
848 2777 1000 2862 superio·

22 2875 48 2915 re
65 2857 152 2930 ioco,
186 2879 334 2940 magnam
358 2879 478 2923 moram
503 2857 640 2938 injicere
663 2857 805 2918 inermes
833 2871 996 2940 poterant.

25 2939 65 2998 Sic
84 2941 165 3002 enisi
189 2943 313 3004 milites
337 2943 375 3004 ab
396 2941 506 3002 eadem
526 2940 692 3002 alacritate
712 2937 809 3000 cassra
829 2960 997 3025 oppugna-

24 3035 96 3096 runt,
116 3036 169 3095 et,
193 3023 416 3108 nequidquam
434 3021 706 3092 defendentibus,
728 3041 809 3104 quae
831 3023 997 3108 praesidio
1188 3015 1205 3070 i

24 3099 129 3166 inerant
149 3105 308 3180 relictae,
332 3105 543 3176 cohortibus,
566 3115 735 3188 ceperunt.
769 3124 774 3133 ·

69 3229 176 3290 xxttt.
201 3231 248 3292 Ea
262 3243 368 3290 tamen
386 3249 475 3289 mora
491 3229 630 3311 spatium
640 3229 800 3290 Pharnaci
815 3227 906 3290 dedit
919 3249 997 3311 pau·
1028 3243 1181 3301 mmm

26 3309 141 3371 eiacum
159 3313 327 3394 equitibus
345 3331 381 3372 se
396 3310 622 3394 preripiendi,
646 3331 688 3372 ne
708 3310 801 3370 virus
819 3310 946 3372 veniret
964 3311 995 3370 in
1011 3317 1099 3388 sugit.

25 3387 135 3453 hostium
150 3392 353 3476 potestatem.
385 3393 548 3454 exercitus
570 3411 646 3453 sane
665 3405 750 3454 totus
766 3391 884 3486 periit,
911 3393 1000 3454 omni

26 3487 64 3534 ant
84 3475 187 3536 occisa
209 3476 396 3554 regiorum,
428 3487 480 3533 aut
506 3487 596 3556 capta
621 3471 837 3533 multitudine.
887 3475 1000 3536 Rebus

26 3551 65 3614 iis
82 3557 329 3634 praeclarissime
349 3553 460 3638 gcssis,
485 3573 596 3634 magna
614 3555 735 3616 laetitia
755 3555 903 3616 Caesaris
925 3556 999 3628 fuit,

27 3635 95 3717 qnod
111 3653 141 3700 et
158 3638 267 3700 [anilis
287 3637 423 3698 victoris
442 3655 480 3697 ex
497 3635 694 3697 difficillimo
713 3637 808 3708 initio
826 3633 999 3710 exstiterat,

29 3731 53 3777 et
72 3718 163 3781 hostis
187 3741 252 3781 non
277 3717 533 3782 contemnendae
559 3719 725 3802 opinionis
748 3719 819 3780 sine.
838 3717 1000 3781 ulia'bedi

28 3821 98 3862 nors
114 3801 217 3864 rictus
233 3815 314 3864 erat.
338 3800 502 3883 Ajuntque
513 3801 634 3880 Pornpeji
648 3797 810 3882 praedicrffe
820 3799 997 3881 filieitatem,

29 3890 59 3940 nn'
76 3906 106 3940 ss
123 3903 150 3942 eo
164 3905 265 3966 genere
284 3883 397 3960 bostiam
414 3901 471 3940 cnm
489 3885 593 3962 ingemi
607 3880 699 3961 gloria
713 3901 913 3959 coqtrnmemnm
928 3883 1000 3941 Ma.

25 3969 62 4046 gri
80 3981 187 4045 parram
204 3965 297 4048 effer„
320 3965 455 4026 Romam
475 3976 567 4026 certe
589 3961 754 4047 scripsiii'e
777 3959 926 4026 creditur
945 3981 999 4028 ce·

30 4091 343 4110 ..μ’-*-

54 4154 216 4227 capuli.
235 4153 301 4208 Dio.
321 4153 401 4208 nin.
437 4151 510 4222 cap.
519 4151 623 4207 xxm.
641 4149 718 4210 rtur.
738 4149 823 4206 Cass.
841 4147 917 4206 uin.
932 4145 996 4208 utu.

30 4219 92 4296 ipit.
109 4225 238 4300 Appias.
256 4223 332 4280 rtur.
350 4222 433 4280 Flur.
453 4219 582 4294 appan.
830 4254 837 4266 ·
