2658 4686
1032 36 1048 74 Ι

197 311 243 380 us
261 309 411 382 uocou
431 315 513 381 um.
535 261 708 386 oxsxtv.
728 317 843 388 cun.
959 319 1022 402 o„

21 521 206 598 forisium,
226 521 312 582 domi
324 525 491 596 tranquilla
508 527 675 600 respublica
687 532 760 602 erit,·
784 551 874 606 quum
891 551 1015 610 operam
1043 529 1080 584 U.
1091 544 1118 584 a·
1137 526 1198 598 723·

30 591 147 662 dabis,
169 601 203 648 ut
217 611 309 666 neque
315 591 419 664 faciat
433 593 585 666 injuriam
603 596 731 672 uulgus,
756 617 847 670 neque
862 607 1011 670 patiatur.
1041 599 1122 656 1-0·
1131 615 1176 670 29·

31 664 138 722 Nam.
164 671 197 716 ut
218 662 251 716 in
267 669 384 734 partem
400 663 522 736 imperii
539 667 653 731 ueniat,
679 683 771 738 neque
787 672 848 740 ipsi
867 671 960 736 utile,
984 681 1013 730 et

30 725 226 796 reipublicae
244 729 419 787 indecorum
444 739 497 788 est.
535 731 712 791 ludecanum
731 736 823 792 clici!
847 742 1013 798 exitiosum

29 805 198 871 poteram:
223 800 300 855 etob
317 800 374 854 boc
392 801 516 867 uitium,
539 802 599 858 nisi
613 809 643 859 te
656 805 777 869 patriae
795 806 939 864 uindicem
957 811 1015 868 Dii
1106 820 1107 828 ’
1200 862 1204 880 ,

30 867 290 933 commodassent,
310 876 363 923 aut
376 868 460 926 nulli
471 887 618 935 essemus,
637 880 692 926 aut
708 873 763 928 boc
780 879 931 946 tempore,
949 897 1014 936 non
1203 881 1211 912 ⁸

30 935 141 992 dicam
159 938 305 999 Antonia,
331 937 385 994 sed
403 946 547 996 cateruae
566 935 706 1010 mulieri,
729 941 783 996 sed
795 944 889 1015 regiis
901 947 1014 1017 spado·
1103 997 1105 1004 ,

29 1003 127 1060 nibus
142 1003 242 1062 Rama
254 1005 389 1064 serviret.
428 1007 490 1064 lloc
502 1007 580 1073 fieri
602 1027 662 1065 non
680 1011 837 1081 potuisset,
854 1013 924 1076 nisi,
944 1035 1012 1088 pra·

29 1080 100 1146 pter
117 1075 247 1128 nimiam
265 1077 430 1144 potentiam
447 1075 540 1150 uulgi,
559 1079 779 1151 magistratus,
799 1083 840 1135 im
865 1083 945 1150 erla,
964 1101 1011 1139 su·

31 1139 174 1198 cerdatia
190 1141 326 1199 mercede
356 1147 548 1210 rostitissent‚
566 1146 737 1218 venalisque
755 1154 819 1203 tota
827 1097 917 1220 βιαία
933 1157 1009 1208 esset

31 1209 222 1277 respublica.
260 1212 315 1268 llic
332 1161 431 1284 lgitur
443 1219 487 1268 tat
501 1215 683 1271 seditionum
705 1213 908 1290 bellorumque
919 1217 1009 1290 sums,

30 1279 87 1336 bie
102 1277 205 1350 sames
218 1277 298 1352 fuit,
319 1297 394 1350 quae
410 1287 454 1336 tot
468 1301 521 1355 per
536 1301 631 1340 annos
649 1285 810 1356 imperium
831 1285 1008 1344 exederant.

29 1351 144 1404 Donec
159 1349 243 1404 enim
259 1350 380 1406 modico
398 1349 502 1421 plebs,
527 1355 665 1424 operique
682 1354 793 1408 rustico
815 1373 850 1408 oc
871 1353 948 1411 bello
960 1360 1008 1412 in-

28 1423 132 1494 tenta,
150 1418 280 1472 tractari
292 1437 340 1476 res
355 1419 484 1476 ciuitatis
498 1429 617 1478 senatus
632 1421 760 1477 arbitrio
775 1421 864 1491 tulit3
883 1432 910 1478 et
926 1423 1011 1482 domi

27 1493 138 1565 status
161 1487 291 1556 optimus
307 1487 385 1559 fult,
419 1495 450 1545 et
473 1492 574 1546 omnis
591 1489 655 1560 sere
676 1488 768 1546 ltalia
790 1491 845 1548 sub
861 1487 1009 1550 ditionem

22 1569 141 1628 jusque
172 1559 308 1610 nastrum
331 1557 488 1614 concessit.
532 1557 696 1633 Postquam
722 1565 821 1615 autem
843 1562 957 1631 possim
979 1567 1009 1618 et

27 1623 193 1678 emisimus
209 1621 362 1692 colonias,
382 1634 413 1684 et
428 1628 612 1698 recepimus,
636 1637 726 1700 atque
744 1625 818 1684 baec
836 1629 908 1683 urbs
925 1633 1013 1700 quasi

28 1693 209 1746 communis
225 1693 360 1748 omnium
378 1697 516 1768 gentium
532 1691 636 1768 effecta
653 1704 695 1753 est
712 1693 885 1766 babitatio;
899 1695 1012 1768 factio·

27 1777 87 1815 nes
106 1759 192 1816 domi
209 1768 304 1816 natae
321 1781 355 1819 eo
371 1773 588 1837 processerunt.
608 1773 639 1818 at
656 1773 736 1820 totus
745 1762 845 1834 ferme
858 1775 1031 1824 terrarum-

28 1829 118 1884 oebis
142 1847 298 1886 armorum
325 1839 500 1920 nastrqram
524 1831 762 1918 seditionumque
783 1833 916 1918 tunzultu
941 1855 1012 1892 con·

25 1899 663 2044 lib⁸2⁸.“.'‚“,'.¹l.i.,bili.”i{',3i.i.'”il.'i.‘.⁸i.‘‚
678 1903 1012 2028 ttitssztt'btztt

24 2036 283 2108 gubernatorem,
297 2036 442 2106 fluctuat,
461 2045 491 2094 et
509 2039 600 2094 modo
618 2039 927 2110 aquaiscnnflictatar,
946 2059 1010 2095 rna·

25 2105 70 2160 do
95 2103 237 2159 cautibus
261 2103 429 2174 adliditur,
462 2107 613 2165 interdum
639 2113 672 2165 in
700 2109 828 2179 syrtibus
854 2109 1009 2164 obbaeret.

24 2173 194 2238 Huncin,
220 2172 311 2230 dutus
331 2174 476 2232 diuinitus
498 2183 608 2244 rector,
632 2181 677 2242 si,
702 2175 783 2248 qnod
803 2176 884 2232 absit
903 2197 1010 2244 omen,

23 2243 170 2299 deserere
188 2241 337 2310 demeris,
364 2252 464 2300 actum
489 2253 554 2302 esc:
577 2263 668 2316 neque
684 2239 789 2316 procul
805 2263 823 2297 a
843 2243 1010 2316 naufragio

23 2327 151 2366 sumus.
192 2309 279 2383 Quod
295 2313 394 2384 igitur
410 2312 468 2370 tibi
482 2312 667 2388 gloriosum,
687 2311 877 2382 reipublicae
895 2313 1011 2369 saluta·
1054 2339 1056 2350 =

23 2401 58 2438 re
78 2382 139 2444 sit,
167 2383 285 2454 suscipe
308 2399 481 2452 supremum
501 2381 607 2454 populi
626 2383 762 2440 Romani
778 2383 930 2447 regimen.
957 2387 1011 2452 aut

20 2447 830 2582 libioilssmd'ffi‘lbibissl'·obiil‘ss'l'd'ffffii'
847 2459 1011 2574 tatu·
1115 2455 1123 2472 ⁹

478 2553 485 2584 ν
712 2557 721 2586 5
814 2552 822 2581 s
1001 2552 1011 2565 ·

22 2587 95 2646 dis.
117 2605 161 2641 an
177 2587 304 2645 retinere
318 2587 445 2646 debeas.-
464 2589 538 2659 quin
556 2587 590 2642 id
604 2589 720 2658 potius,
741 2605 872 2656 quanam
894 2589 1010 2656 optima

18 2655 157 2781 tratione
186 2657 511 2730 praestantissimaque
539 2659 705 2714 constituas
729 2657 891 2726 imperium
919 2663 1011 2727 atque
1075 2697 1078 2701 -
1119 2659 1128 2666 ”

34 2741 162 2783 ttettrtl'c

85 2833 240 2899 XXXIV.
264 2845 332 2903 Nisi
350 2843 430 2915 farte
453 2845 550 2902 credis
571 2842 645 2901 utile
657 2842 746 2916 fore,
774 2837 885 2908 deponi
901 2845 1007 2906 poten·
1038 2843 1194 2914 Nepotem

19 2921 127 2975 tiam.-
155 2933 244 2988 puam
260 2933 318 2986 ego
334 2933 396 2970 rem
412 2935 450 2970 ne
464 2923 526 2970 tuto
544 2913 662 2982 quidem
672 2910 748 2976 fieri
762 2926 847 2982 posse
863 2907 1004 2964 arbitrer.
1022 2917 1083 2977 ,ιη’
1094 2927 1182 2966 suem

19 2989 69 3044 lis
92 2987 280 3057 temporibus
298 2983 340 3040 ad
357 2981 576 3056 rempublicam
595 2979 774 3044 adcessisti,
800 2984 833 3030 ut
859 2983 1173 3050 necessumsorevtm,

19 3055 89 3112 tibi
98 3055 204 3127 [uerit
221 3053 332 3110 multos
347 3043 512 3124 offendere:
531 3067 568 3107 ea
586 3069 667 3104 uunc
683 3064 795 3118 quoque
810 3052 881 3100 sunt
898 3053 1010 3128 tempo·
1021 3045 1177 3124 primum:

17 3143 79 3189 ra,
101 3130 136 3178 ut
156 3121 244 3179 multi
259 3121 456 3192 cupidissime
469 3123 530 3176 sint
546 3117 749 3188 adfectaturi,
776 3131 861 3182 quem
885 3111 1012 3184 relique·

18 3198 90 3256 ris,
117 3191 238 3260 locum3
266 3197 312 3252 et,
338 3192 410 3280 quia
433 3197 461 3246 te
479 3185 627 3245 incolumi
646 3183 701 3240 bac
719 3201 752 3268 se
769 3182 1012 3267 perficereposse

17 3261 254 3326 desperabunt.
281 3259 363 3315 nibil
380 3261 482 3326 prius,
508 3273 600 3328 quam
620 3255 657 3310 de
671 3261 722 3308 tuo
740 3257 883 3308 interitu.
902 3248 1012 3307 delcbe.

16 3329 164 3387 rabitur.
196 3327 299 3402 Igitur
315 3327 443 3385 illorum
459 3327 554 3388 odiis,
577 3321 684 3378 borum
701 3315 939 3390 cupiditatibus,
957 3338 1015 3375 nu.

17 3401 103 3458 dum
120 3405 152 3453 te
165 3404 422 3467 exarmatamque
436 3393 609 3469 objecturos
622 3391 675 3447 es?
691 3399 847 3460 tamquam
860 3397 913 3473 aut
923 3387 1017 3444 Pom·

13 3466 98 3542 pejo
117 3467 194 3524 bene
210 3469 332 3522 cesserit
349 3465 467 3524 relicta,
486 3481 577 3533 oscam
596 3459 727 3516 babebat
743 3459 777 3542 iu
793 3455 946 3544 manebus,
964 3475 1016 3527 po·

14 3545 146 3596 testas:
174 3543 229 3591 aut
247 3533 358 3592 Sullae
381 3525 844 3605 aliasuturasortunasacsset‚
871 3545 933 3583 nest
951 3543 1016 3580 ma·
1077 3547 1078 3550 ¹
1163 3577 1169 3598 ἱ

15 3615 135 3664 tarum
146 3603 264 3677 satum,
283 3601 329 3660 uel
346 3605 458 3664 etiam,
480 3611 514 3658 ut
529 3597 672 3656 nonnulli
688 3593 899 3657 crediderunt,
918 3601 1016 3677 matu·

13 3685 155 3738 ratum,
181 3673 252 3728 buic
272 3691 341 3730 eum
360 3667 492 3738 periculo
509 3667 680 3726 exemisset.
725 3665 867 3720 Attamen
887 3669 916 3716 et
933 3675 1017 3716 ucuus

14 3746 133 3803 adbuc
157 3740 258 3798 mislta
282 3759 301 3798 a
319 3761 351 3798 se
369 3739 538 3798 constituta
557 3735 679 3812 negligi
699 3731 791 3800 uidit,
815 3727 964 3806 quaedam
986 3731 1017 3786 et

17 3813 201 3886 antiquari.

86 3903 225 3968 XXXV.
257 3911 321 3972 set
333 3909 522 3986 iudicabunt
537 3909 690 3976 homines,
714 3910 745 3962 tc
762 3900 904 3986 cuttidi&
921 3898 1014 3965 lmus·
1043 3905 1184 3978 step-eeu

14 3990 64 4044 rii
87 3993 212 4050 actum,
238 3981 387 4058 quidquid
406 4001 497 4039 ausus
514 3999 559 4044 es,
586 3979 760 4050 suscepisse.
802 3967 944 4054 iudicent
960 3984 1014 4051 cu·
1028 3975 1202 4032 mmm.

13 4069 100 4114 tem.
134 4053 169 4110 ld
184 4071 241 4126 ego
256 4049 383 4114 malim,
402 4068 491 4125 qaum
506 4055 561 4104 tuo
577 4047 754 4118 publicoque
768 4035 906 4108 pericula
919 4051 1016 4120 susps·
1029 4060 1093 4098 nau
1128 4057 1198 4102 em

13 4129 147 4182 &onem
167 4141 236 4180 eam
256 4115 381 4176 redimi.
419 4117 501 4193 Quid
518 4115 623 4174 enim?
646 4135 687 4183 nn
704 4128 765 4168 non
784 4123 943 4163 commune
958 4101 1017 4158 tcbi
1027 4115 1088 4183 Μ
1115 4130 1144 4170 μ,
1205 4139 1207 4144 ,

11 4197 84 4252 boe
108 4209 176 4250 cum
198 4187 326 4268 magnis
347 4189 439 4255 uiris,
464 4193 493 4244 et
511 4186 637 4261 propius
654 4184 783 4242 bonetto
800 4175 917 4232 crimen
934 4170 1018 4231 criti

160 4347 173 4406 l
