2658 4686
824 193 835 242 l

304 329 367 412 b7b
398 323 602 393 rausum.
620 317 1040 388 SUPPLEMENTORUH
1052 313 1267 446 LszClX.)

135 543 171 602 ll.
187 561 216 600 u.
234 540 560 616 qsbqigiturmaeimc
578 555 625 594 res
645 541 815 608 cogente,
843 535 972 597 Caesar,
998 527 1101 598 debet,
1125 537 1282 605 utperitu-

91 655 95 662 «
136 615 215 673 Mi.
232 629 277 686 sq.
308 629 375 678 ros,
401 612 429 666 si
445 608 505 668 sibi
518 607 745 676 relinquantur,
766 611 794 660 et
813 610 842 660 te
858 603 1283 684 quaqueusecunsetrepubfl.

309 697 345 738 ca
361 677 549 752 perdituros,
568 679 626 731 tuis
640 673 757 748 uigiliis
771 679 878 744 tuaque
895 667 1085 741 prouidentia
1098 687 1207 728 serves.

363 773 477 832 XXXI.
495 777 559 837 ,iiic
575 777 602 834 si
616 777 682 849 quis
701 791 721 830 a
737 793 785 832 me
805 771 847 828 ad
865 771 1287 848 uoluptatessruitiossemque

304 851 503 916 deliciarum,
533 871 607 923 quas
623 859 781 926 praestare
805 869 925 908 summa
934 849 1066 924 fortuna
1081 851 1201 910 uidetur
1242 873 1288 909 vo·

304 924 372 979 cari
387 929 415 977 te
429 921 598 985 existimet,
615 937 803 994 magnopere
816 921 950 976 aberrat.
989 937 1101 993 aspero
1115 931 1192 976 ‘sunt
1205 891 1289 977 labo·

303 990 405 1052 ribus,
428 992 524 1046 uncto
540 991 639 1055 euris,
659 990 701 1044 ad
722 1007 799 1062 quoe
818 989 969 1060 posceris.-
988 991 1051 1044 nisi
1066 991 1147 1060 quod
1165 989 1290 1046 laboro·

304 1079 353 1123 re,
381 1073 470 1128 quam
487 1059 601 1129 perire,
629 1061 727 1114 satius
748 1067 811 1124 est3
835 1060 1175 1123 retinerepotentiam,
1200 1077 1289 1131 quam

304 1127 446 1182 abusuris
475 1127 613 1190 tradere,
641 1129 751 1192 tutius3
788 1145 907 1184 seruare
930 1126 1171 1197 rempublicam,
1200 1145 1288 1198 quam

302 1192 440 1268 prodere,
486 1194 637 1252 loriosius.
675 1198 789 1268 Igitur,
809 1199 836 1252 si
854 1204 939 1250 tuum
955 1195 1010 1250 tibi
1023 1197 1117 1252 decus
1132 1214 1172 1250 ac
1185 1193 1287 1256 tutelo.

302 1265 332 1318 si
347 1211 532 1328 reipublicae
547 1264 631 1320 salas
646 1265 732 1321 cordi
746 1271 801 1328 est,
820 1263 925 1336 quibus
959 1284 992 1319 ro
1005 1264 1098 1320 rebus
1112 1271 1161 1320 tos
1174 1282 1213 1318 ac
1226 1275 1289 1318 ton·

245 1381 250 1408 ,
302 1339 336 1387 ta
354 1331 434 1388 bello
452 1332 644 1405 depugnasti.
663 1341 708 1388 tot
723 1331 880 1390 exsudasti
895 1331 925 1387 la
949 1351 1023 1397 ores,
1043 1337 1168 1404 suscipe
1183 1351 1288 1388 curant

303 1399 440 1470 patriae,
468 1421 522 1458 nea
536 1401 673 1469 dimitte,
699 1401 871 1458 dorseceam
890 1401 1044 1457 meliorem
1063 1401 1291 1472 beatioremque

109 1517 114 1524 .
303 1471 337 1525 in
354 1477 467 1525 statum
490 1470 656 1528 reduxeris.
693 1472 783 1544 Atqui
798 1472 855 1527 isac
873 1470 1028 1542 etiamM.
1049 1473 1074 1525 A
1100 1473 1194 1544 rippa
1215 1473 1291 1526 cote·

129 1540 292 1612 Neqrutoges
307 1539 368 1592 bot.
408 1537 471 1595 Sed
495 1541 576 1596 inter
591 1541 677 1598 illius
701 1550 729 1599 et
749 1557 848 1594 meam
869 1543 1052 1596 sententiam
1097 1559 1133 1595 ac
1150 1543 1292 1602 interest,

117 1611 281 1664 adsalutem
305 1605 383 1678 quod
405 1606 460 1663 ille
472 1609 600 1679 putabat
621 1610 742 1683 legibus
743 1605 891 1734 {mendis
911 1607 945 1664 id
964 1616 994 1665 te
1016 1611 1162 1680 consequi
1186 1625 1290 1676 posse:

32 1691 35 1698 ’
117 1679 248 1748 sufficere.
306 1691 363 1748 ego
378 1694 470 1748 neque
487 1677 570 1744 leem
583 1679 741 1736 adcommo
765 1678 813 1734 ari
827 1677 1056 1735 necessitatibus
1071 1675 1220 1732 omnibus
1235 1678 1292 1732 sci-

306 1761 375 1808 am.
404 1763 497 1816 neque
514 1745 566 1803 diu
576 1747 702 1818 suturas
718 1750 787 1804 usui
807 1747 957 1810 arbitrer,
986 1750 1048 1804 nisi
1061 1755 1096 1802 tu
1111 1749 1200 1800 uiuae
1213 1743 1292 1818 legis

304 1813 407 1868 instar
428 1815 568 1873 amnibus
588 1816 666 1874 locis
687 1831 848 1882 occurras,
873 1813 1060 1889 illarumque
1083 1817 1292 1873 reuerentiam

304 1885 471 1954 proesentis
483 1885 604 1958 imperii
621 1883 782 1960 majestate
799 1887 925 1941 tuearis.

163 2001 214 2058 Sei
234 1978 281 2058 η’
332 2057 339 2074 ⁸
366 1977 494 2074 Xml.
519 1988 582 2074 tint
599 1990 743 2073 nimirum
765 1987 920 2074 illudest.
947 1986 1293 2071 quodnotissimaesa·

106 2073 292 2206 citetis:
306 2052 1292 2199 {substituit{stitit}’qtaeztttttffttttt'gsttff

77 2209 79 2214 '
120 2210 213 2264 ms„
224 2211 291 2275 μή.
308 2205 398 2250 nator
414 2196 446 2250 in
463 2215 493 2252 se
511 2197 629 2262 pariter
647 2193 781 2268 aliosque
802 2194 889 2252 ualde
911 2202 1091 2264 peccaturus
1114 2201 1218 2254 esset,
1246 2193 1271 2246 si
1277 2223 1288 2254 ‚

119 2276 291 2344 suto,=siregt.
303 2261 532 2332 formidabilem
554 2265 633 2320 inter
652 2267 858 2336 tempestatem
879 2263 944 2335 ipse
959 2261 1142 2319 discursans
1157 2263 1242 2317 inter
1254 2263 1294 2314 ui·

120 2360 277 2397 smrerum
294 2332 395 2399 „liaris
417 2334 582 2388 ministerii
602 2341 730 2398 nautas,
759 2331 934 2404 imperitum
962 2329 1097 2402 aliquem
1120 2331 1232 2388 sedere
1255 2326 1296 2382 ad

119 2413 234 2468 assem,
307 2401 424 2456 clauum
445 2409 610 2471 pateretur.
646 2403 744 2467 Nam,
769 2403 820 2474 qui
839 2401 902 2454 uiro
924 2401 1060 2466 sapienti
1080 2419 1189 2456 rerum
1212 2417 1298 2454 sum·
1325 2411 1326 2425 ¹

305 2487 389 2524 mam
404 2471 574 2549 permittit,
608 2471 776 2526 communis
798 2467 937 2525 omnibus
959 2465 1069 2525 salutis
1091 2477 1204 2524 auctor
1230 2476 1296 2535 est;
1324 2505 1325 2517 n

306 2539 356 2606 qui
374 2537 481 2609 fatuo,
509 2539 678 2594 eommunis
697 2540 850 2608 perniciei.
879 2535 975 2602 alter,
993 2535 1075 2594 uelut
1097 2535 1222 2607 insonti
1242 2545 1296 2590 aut
1323 2603 1324 2609 ἵ

297 2607 422 2683 furioso
438 2605 581 2678 gladium
596 2607 801 2678 permitteret,
824 2609 857 2662 in
871 2607 1041 2676 quorumvis
1061 2607 1198 2662 erisiam
1227 2623 1297 2660 eum

309 2681 411 2731 armat
419 2696 429 2744 ‚·
450 2671 529 2730 alter
533 2673 720 2746 facultatem
734 2674 877 2747 prudenti
887 2681 1025 2744 praestat
1041 2677 1136 2730 etiam
1153 2681 1298 2730 amentes
1322 2691 1323 2701 ¹

306 2746 473 2814 invitosque
496 2743 703 2800 conservandi.
747 2745 851 2800 Utrum
869 2743 976 2800 borum
993 2746 1033 2800 sit
1050 2741 1297 2812 praestabilius,
1321 2787 1322 2791 ,

307 2813 459 2868 neminem
475 2819 546 2880 puto
562 2810 772 2868 dubitaturum
790 2829 870 2877 esse,
889 2813 1028 2878 etiarnsi,
1054 2809 1137 2880 quod
1154 2813 1297 2866 deterius
1320 2873 1321 2883 χ

307 2899 373 2938 esse
389 2887 521 2940 constat,
533 2877 679 2950 fortassis
694 2879 868 2938 honestiore
882 2877 1026 2938 uocabulo
1043 2881 1231 2936 donaretur.
1251 2877 1298 2934 Ad

307 2967 358 3006 res
373 2951 454 3005 enim
475 2951 594 3021 magis,
614 2966 705 3020 quarn
721 2949 763 3006 ad
780 2951 921 3011 nomina,
939 2948 1165 3016 respiciendum
1180 2957 1229 3006 est
1247 2947 1295 3002 de·
1319 2949 1320 2975 ¹

309 3017 371 3089 cipi
381 3016 567 3084 nolentibus3
587 3025 626 3084 et,
645 3015 897 3088 quemadmodum
906 3015 1000 3082 fideli
1014 3017 1150 3080 medico,
1168 3037 1234 3072 non
1249 3023 1298 3070 at·
1318 3029 1319 3067 t

307 3084 511 3146 tendendum.
537 3085 608 3157 quid
624 3087 852 3144 insanientibus
864 3093 893 3142 et
905 3093 1006 3142 mente
1018 3089 1115 3157 captis
1130 3085 1296 3142 uerborum
1317 3105 1318 3160 t

307 3157 390 3212 inter
404 3155 595 3210 curationem
610 3152 742 3211 excidat.
781 3155 882 3228 igitur
888 3193 898 3222 ,
918 3154 1055 3230 neglecto
1072 3157 1295 3224 imperitorum
1316 3175 1317 3178 ¹

308 3241 481 3288 murmure,
502 3222 559 3277 tibi
574 3219 713 3279 dandam
730 3243 793 3282 esse
812 3241 935 3294 operans
950 3233 1094 3288 autumo,
1122 3231 1176 3290 ut,
1194 3222 1297 3292 plebis

309 3292 475 3347 temeraria
489 3289 622 3347 subibitn
629 3290 759 3362 ferocia,
780 3291 824 3349 sie
841 3295 945 3348 omnia
960 3291 1115 3364 disponas,
1137 3311 1179 3347 ne
1194 3287 1297 3358 eujus·

314 3375 406 3430 quam
430 3359 561 3414 otiosum
584 3369 614 3414 et
631 3357 740 3417 inutile
761 3357 944 3432 reipublicae
957 3361 1064 3417 bonum
1088 3363 1151 3428 sit,
1183 3361 1239 3418 sed
1250 3379 1297 3415 sa·

334 3431 429 3483 ientes
446 3425 624 3497 consulant,
652 3428 726 3483 boni
741 3429 831 3486 duces
842 3430 1002 3497 imperent,
1021 3447 1177 3501 pauperes
1196 3449 1236 3486 ac
1251 3451 1294 3484 rn-

313 3445 395 3551 busti
417 3494 603 3562 stipendium
631 3505 778 3552 mereant.
826 3495 879 3553 Sis
905 3507 1007 3552 mutua
1033 3499 1177 3552 amnium
1205 3515 1295 3571 operu

315 3565 483 3620 eommunis
501 3561 641 3632 felicitas
665 3565 844 3634 parabitur,
869 3565 1019 3636 stabitque
1045 3585 1111 3622 curn
1131 3567 1295 3629 libertates

315 3639 459 3705 quantam
476 3647 539 3688 esse
551 3634 584 3687 in
601 3633 758 3706 republica
775 3641 881 3691 nostra
899 3634 1029 3710 expedit.

149 3722 291 3794 mittil-
375 3723 518 3784 xxxin.
542 3733 626 3790 Absit
639 3733 737 3798 enim,
753 3739 787 3787 ut
799 3735 914 3789 nimiae
931 3751 1089 3804 moraeque
1107 3733 1299 3789 dominatio·

10 3861 13 3870 ,
129 3794 296 3852 mmai*
315 3805 364 3862 nis
380 3803 438 3861 tibi
452 3805 511 3862 sim
526 3811 653 3858 auctor.-
676 3801 709 3858 id
723 3819 815 3872 neque
827 3803 939 3857 sentire
956 3821 1074 3866 meum.
1100 3821 1200 3874 neque
1213 3803 1296 3872 suce-

129 3865 170 3919 Μ’
185 3863 213 3914 5¹¹
226 3877 293 3932 W·
315 3895 348 3930 re
361 3881 445 3930 tuum
462 3879 516 3928 est.
555 3871 617 3925 Hoc
631 3867 716 3930 uolo,
735 3878 770 3924 ut
790 3887 854 3926 cum
876 3871 1074 3942 optimatibus
1089 3876 1236 3944 regimen
1251 3873 1299 3926 ob-

129 3941 183 3985 ffl
196 3945 274 3982 im·
315 3944 415 3998 tineas
429 3943 462 3998 in
475 3939 600 3996 omnia:
618 3937 795 4001 multitudo,
812 3939 889 3994 sicut
905 3957 977 4010 opus
992 3947 1037 3994 est
1054 3959 1116 3996 non
1132 3943 1297 4010 perituros.

129 3999 302 4074 motitu-
309 4009 395 4086 juste
416 4029 451 4067 oc
466 4003 581 4064 utiliter
596 4005 819 4076 imperantibus
832 4015 950 4081 pareat.
987 4004 1055 4066 Hac
1076 4009 1164 4068 enirn
1180 4013 1296 4068 rosione

130 4063 301 4140 possedisti.

350 4149 552 4258 cap'xxxu
575 4177 646 4238 oso.

509 4489 518 4523 x
565 4533 568 4542 t
