2598 4692
320 319 382 401 ut
416 317 620 386 rnatum.
637 277 1061 415 surruanuuroncu
1070 313 1288 384 nnnxxxr.

129 535 185 592 ll·
199 527 302 606 repon.
322 533 438 620 pticne
457 531 545 626 quod
565 505 773 614 convenerat.
817 531 873 596 Sic
892 532 1056 594 exercitus
1073 532 1162 596 inter
1183 553 1215 596 ee
1233 553 1291 596 con·

137 605 232 674 ¹⁴20·
248 605 292 674 4³·
324 617 558 690 salulaverunt,
590 628 640 684 et,
661 634 729 698 quo
749 611 877 677 firmior
894 615 973 678 ellet
990 615 1217 698 imperatorum
1234 637 1291 678 con.

316 699 451 771 cordius,
474 696 664 781 pullulatum
679 692 740 771 cll,
764 697 828 769 uti,
855 698 943 760 velut
961 697 1107 760 obsidem
1127 699 1292 760 reconcilia.

315 795 372 844 tae
390 780 533 866 gratiae,
579 779 737 863 rirignanr
749 779 884 841 Antonii
898 781 1054 854 Clodiam,
1078 781 1206 844 vixdum
1221 779 1293 842 nubi·

319 866 396 936 lem,
421 865 540 926 Caenei·
555 803 704 924 duceret.
746 860 903 925 Adsensit
920 849 1123 934 adolesceias,
1147 864 1223 926 satis
1236 885 1292 946 gur·

318 967 395 1020 rus,
418 946 458 1008 ad
478 944 636 1008 servanda
655 958 813 1006 conventa
831 964 896 1006 non
913 945 1034 1008 lortius
1055 943 1227 1011 adfinitatis
1242 947 1294 1007 rin·

255 1051 261 1064 ⁸
319 1031 413 1101 culo,
437 1048 532 1112 quem
549 1029 690 1098 ceteris,
722 1023 874 1110 adstringi
889 1041 1041 1114 potenter
1056 1043 1089 1090 et
1103 1027 1250 1110 cupidos:
1271 1043 1294 1090 et

320 1111 427 1174 ruodo.
437 1125 564 1194 patrem
588 1127 679 1174 suum
699 1111 890 1181 Caesarem,
914 1131 979 1195 quo
998 1111 1106 1172 minus
1127 1109 1293 1194 Pompejun

143 1263 149 1281 .
321 1206 506 1268 everteret,
528 1213 567 1257 ea
585 1191 821 1274 uecessitudine
839 1193 922 1266 nihil
941 1191 1132 1284 impeditum
1152 1193 1240 1258 inille
1253 1213 1293 1256 ro·

249 1277 258 1296 ⁸
320 1290 423 1342 verat.

98 1443 101 1450 Δ
165 1393 293 1458 ostentum
382 1385 482 1447 xxti.
511 1384 594 1444 Tum
617 1381 715 1445 etiam
736 1379 891 1446 ostentum
912 1385 944 1448 ei
963 1384 1083 1448 lactum
1101 1387 1229 1456 lerunt,
1248 1404 1292 1465 qao

133 1462 362 1552 ⁰⁶¹0¹¹1¹⁶C010ad
390 1485 532 1532 summae
557 1464 610 1526 rei
638 1484 728 1548 spem
757 1465 865 1528 acrius
891 1469 1100 1530 excitaretur.
1149 1471 1185 1529 lu
1210 1464 1293 1528 cultris

133 1533 201 1586 “⁷¹⁹
322 1549 392 1634 ejus
418 1549 493 1612 luce
519 1547 622 1629 prima
647 1546 681 1606 in
705 1549 845 1610 culmine
868 1551 1032 1612 Praetorii
1059 1571 1163 1633 super
1187 1549 1293 1612 lintean

321 1633 427 1716 aquila
447 1629 568 1694 sedens
588 1629 671 1690 duos
690 1649 826 1703 corvos,
848 1630 924 1693 hinc
942 1631 1018 1694 inde
1034 1631 1237 1702 infestantes,
1255 1629 1293 1690 rd-

320 1713 422 1786 llixit,
448 1727 482 1778 et
499 1725 646 1774 mortuos
667 1711 788 1792 dejecit
805 1713 839 1773 in
857 1727 988 1784 terram,
1012 1729 1148 1778 notante
1166 1713 1294 1776 universo

269 1817 273 1826 ·
320 1811 417 1884 atque
434 1795 555 1860 exitum
572 1796 801 1880 praesagiente
818 1796 976 1868 exercitu,
992 1796 1141 1876 ficturum,
1166 1815 1198 1856 ur
1213 1817 1242 1854 ex
1255 1815 1294 1851 m.

319 1879 368 1938 bus
386 1880 427 1936 ln'c
435 1879 511 1957 ,ulus
523 1873 658 1956 ¹superstes
676 1897 702 1935 er
717 1876 895 1956 uictor-effer.
920 1879 1175 1964 Trahebantque
1194 1877 1297 1940 eodem}

320 1958 408 2044 quod
428 1959 538 2044 paullo
558 1970 651 2028 ante,
683 1977 778 2042 quem
797 1959 830 2020 iu
847 1959 968 2021 ltuliaur
988 1961 1256 2047 regrederentur,
1272 1959 1297 2044 iu

320 2039 431 2106 cestris
448 2038 589 2124 Lepidi,
613 2041 815 2104 centurionis
835 2039 976 2125 gladium
996 2042 1247 2106 circumvolutus
1259 2051 1297 2106 ani

320 2124 394 2209 guis
412 2123 586 2199 vinxeratg
598 2135 633 2183 et
649 2122 683 2182 in
700 2122 942 2186 tabernaculum
954 2125 1073 2212 Lepidi
1090 2125 1189 2207 lupus
1204 2124 1286 2186 irrun

320 2227 402 2292 pens
427 2216 594 2268 everterat
618 2224 772 2268 mensam.
810 2204 844 2267 id
870 2225 1005 2270 eversae
1032 2207 1203 2292 potentiae
1227 2203 1288 2266 fuit

319 2287 526 2372 praesagium
537 2285 766 2350 crediderunt:
786 2285 931 2352 Antonio
942 2291 1143 2376 voluptatum
1157 2285 1296 2354 insaniem,

320 2385 355 2432 et
371 2389 412 2432 ex
427 2369 480 2432 his
499 2369 680 2452 perniciem
695 2367 838 2443 ollcndi,
862 2371 951 2452 quod
969 2373 1057 2436 eirca
1076 2371 1191 2434 iollam
1207 2365 1296 2430 castro

320 2472 393 2596 ναῒ·
413 2449 483 2532 ejus
503 2453 553 2514 lac
571 2445 721 2527 ssuxernt,
745 2467 778 2516 et
796 2466 975 2522 concentus
992 2455 1124 2548 quidam
1143 2453 1246 2521 iuerat
1259 2467 1296 2512 cr·

321 2555 360 2598 flu
385 2547 461 2600 liud·

335 2636 339 2650 ‘
376 2642 497 2704 xxiii.
527 2645 597 2705 Nec
618 2639 740 2702 urbana
762 2642 844 2705 mala
864 2641 1029 2730 prodigiis
1052 2653 1235 2706 caruerunt.
1261 2657 1296 2700 ta*

321 2745 397 2791 nunt
416 2724 574 2796 ululatus,
598 2723 748 2806 luporum
767 2745 828 2808 per
846 2727 954 2788 lorum
974 2725 1155 2798 discursus,
1178 2721 1261 2786 boris
1275 2727 1296 2782 rl

321 2806 457 2872 infantia
477 2825 595 2870 recens
614 2805 681 2866 n‘ati
701 2825 828 2880 sermo,
860 2807 1105 2874 simulacrorum
1129 2805 1228 2872 sudor
1246 2813 1296 2874 rani

322 2889 422 2972 guine
442 2887 578 2961 mixtus,
609 2888 770 2953 clamores
789 2889 1022 2974 pugnantium,
1045 2887 1201 2974 strepitus
1217 2891 1296 2952 arnol

322 2991 412 3044 rum,
438 2972 664 3055 equorumque
687 2974 907 3043 currentium,
936 2972 1115 3069 adparente
1136 2971 1239 3040 nullo,
1256 2967 1296 3028 roi

321 3051 364 3116 lis
385 3037 476 3116 varie
499 3065 617 3116 mutata
641 3052 789 3135 specics,
817 3053 959 3138 lapidum
983 3055 1125 3127 imbres,
1154 3053 1244 3119 aedes
1261 3053 1296 3119 tsi

323 3153 398 3198 crae
418 3132 601 3218 statuaeque
623 3133 664 3196 de
686 3134 781 3196 coelo
801 3149 923 3212 tactae,
954 3138 1089 3210 multum
1118 3134 1241 3198 timorit
1262 3131 1295 3188 in·

122 3273 126 3280 .
323 3217 500 3282 callerent:
531 3215 589 3278 sed
611 3216 669 3277 ille
689 3216 722 3276 in
741 3215 932 3284 immensum
955 3219 1061 3282 crevit
1082 3239 1122 3286 ex
1142 3235 1202 3292 eo,
1231 3207 1295 3297 quod

149 3309 311 3367 turrim.
324 3299 412 3366 inter
433 3297 637 3382 procuranda
659 3296 739 3366 haec
763 3299 914 3390 prodigia
935 3301 1055 3369 evenit.
1105 3299 1233 3390 Quippe
1248 3297 1295 3354 ‘tu-

134 3379 220 3462 trf‘tif
233 3397 312 3452 rm·
324 3401 399 3448 sous
425 3379 607 3467 haruspex,
636 3399 726 3440 acrum
746 3381 796 3462 effi
815 3384 849 3442 de
867 3383 1012 3458 libertate,
1042 3403 1071 3446 et
1092 3388 1204 3471 arrriqpa
1227 3377 1295 3440 redire

135 3447 220 3502 “m'‘
243 3460 269 3506 ‘l
324 3481 426 3545 regua,
450 3463 532 3544 seque
550 3480 659 3543 excepto
678 3481 731 3522 arro
748 3463 1021 3545 ceterorseruiruror
1034 3485 1144 3535 omues,
1166 3459 1295 3532 vatitioas

136 3531 218 3571 ''m‘'
323 3559 388 3619 tut,
412 3544 599 3636 comprellit
611 3544 774 3628 spiritum,
793 3547 994 3634 vivendique
1007 3545 1106 3609 finem
1123 3545 1186 3609 sihi
1199 3541 1295 3656 posuitp

385 3653 503 3716 xxiv.
533 3653 576 3714 At
601 3652 756 3725 tresviri,
784 3652 948 3718 tollendos
970 3669 1044 3720 ante
1064 3653 1174 3719 omnia
1194 3645 1284 3750 prasci

324 3753 408 3876 puos
430 3733 636 3802 inimicorum
654 3733 734 3807 rati,
766 3755 807 3798 nc
828 3737 979 3802 consiliis
1001 3737 1069 3800 suis
1088 3733 1281 3826 impediment

341 3829 454 3889 orent,
483 3816 724 3900 percudocibus
747 3819 781 3880 in
802 3819 916 3886 urbem
937 3819 1138 3904 praemittis,
1168 3832 1272 3896 occupa

324 3894 424 3960 [latim
447 3897 641 3971 duodecim,
673 3900 745 3974 vel,
775 3915 811 3968 ut
830 3903 886 3969 alii
907 3902 1058 3980 tradunt,
1088 3893 1271 3991 septemdeci

327 4025 661 4044 m*

359 4087 399 4142 (la
426 4089 524 4144 ‚tixt
551 4085 633 4169 Flcr.
659 4087 736 4144 Plut.
759 4091 868 4162 Anton.
889 4093 1013 4152 Sueten.
1031 4091 1105 4169 Aug.
1119 4095 1165 4149 62.
1190 4085 1294 4148 crunt,

327 4157 368 4240 aq.
418 4157 467 4214 all.
484 4175 510 4228 a,
524 4157 569 4212 63.
589 4157 657 4210 Dm.
696 4160 769 4234 Cap·
781 4163 871 4217 xxll.
890 4161 948 4225 Jut.
961 4163 1072 4242 Obseq.
1088 4163 1175 4222 Suet.
1194 4157 1294 4230 luel&

325 4229 392 4290 1³¹0.
412 4227 433 4286 1.
446 4233 492 4302 47.
528 4225 604 4304 Cep.
619 4227 725 4288 xxm.
744 4231 873 4312 Appien.
