2610 4696
159 323 200 386 lli
214 318 367 385 Locum
385 319 469 382 Lm.
487 317 600 384 exxt.
617 313 734 384 Ltvtt.
882 313 943 378 388

13 449 942 488 „...................-.---..—.-.-

13 561 37 600 u
53 535 129 598 iidem
150 531 304 616 gerebant
326 527 467 603 Rhodii,
506 528 562 612 qui
588 541 661 590 ante
689 527 812 612 aliquot
841 547 942 590 annor
971 523 1008 580 U·
1025 542 1050 580 a.
1068 541 1130 616 7⁰9·
1164 552 1169 562 ¹

13 619 142 702 loupejum
163 629 356 700 ceterosque
377 612 543 696 fugientes
563 609 685 696 oppido
704 625 737 674 et
758 625 856 697 portu
877 631 942 672 non
973 599 1009 648 Α·
1026 597 1060 650 0·
1075 601 1122 664 11·

13 712 157 764 acuerant.
673 727 676 734 ·

42 725 92 859 lpll.
112 795 171 858 Sed
185 790 307 856 camna
325 790 385 870 jam
403 791 529 854 olaffem
545 791 753 862 luculentam,
774 788 944 874 praelecto
965 801 1133 869 Attium.

13 877 207 950 lertilicllulo,
231 871 384 936 babebat:
407 889 439 936 et
455 897 472 936 a
490 875 596 936 tribue
613 875 696 945 aliia,
719 893 798 957 quas
847 873 943 932 .Caa·
957 873 1126 926 tremonem·

13 965 52 1034 tn,
71 959 220 1028 lucullus,
244 957 392 1018 Patiscus
402 942 582 1040 ducebant,
604 955 823 1037 adjuvabatur.
855 957 945 1035 Ergo
958 941 1120 994 ''mmd-

13 1042 191 1106 nulubitarit
212 1039 318 1100 denuo
337 1058 408 1099 eam
425 1039 593 1099 Dolabella
613 1035 813 1118 conlligere3
836 1009 1011 1118 quam-m·
1071 1087 1075 1098 .

33 1145 65 1186 an
78 1124 141 1184 huic
154 1120 331 1204 Aegyptiae
349 1141 446 1182 nares
462 1119 671 1182 adcellcrant.
715 1117 781 1180 set
794 1131 860 1179 tum
875 1118 947 1202 qui-

13 1147 149 1270 11111110
171 1209 277 1264 Marte
303 1217 504 1296 pugnatum.
525 1202 634 1286 paullo
662 1199 732 1286 post
756 1221 773 1260 u
793 1201 947 1262 Calliania
1056 1253 1058 1260 ,

13 1279 105 1348 lacarte
124 1299 230 1370 parata
251 1281 293 1345 ett
313 1285 458 1345 victoria.

42 1396 105 1454 lllll.
131 1395 164 1452 ln
184 1390 281 1472 Lycia
299 1391 373 1452 Ser.
389 1389 512 1450 ttartua
532 1401 564 1452 et
582 1391 618 1454 C.
635 1389 743 1452 'l'itiua
763 1387 861 1474 legati
878 1387 947 1448 Dc·
972 1401 1131 1458 Dolabellae

13 1475 95 1538 abellae
111 1473 234 1534 clall'em
256 1471 431 1534 habuerant
449 1469 672 1544 rostratarum,
694 1493 765 1534 cum
785 1470 948 1535 onerariis
961 1475 1149 1529 rrstnclitaaat.

13 1559 88 1640 nigris
104 1555 235 1616 navibus
253 1567 397 1614 centum:
427 1551 489 1614 boc
511 1554 700 1616 Dolabellae
723 1554 884 1624 consilio,
915 1565 950 1614 ut

13 1644 78 1722 pisus
92 1637 191 1717 Syria,
217 1637 323 1719 copiis
342 1635 374 1694 in
395 1655 493 1696 nurus
513 1636 695 1719 imponitis,
719 1637 841 1698 ltaliam
858 1648 951 1718 pete·

13 1735 44 1782 tet
73 1719 128 1781 Sed
152 1718 329 1778 abentulo
354 1715 520 1800 quacllore
544 1719 640 1780 Atiae
665 1718 800 1798 diajccta
827 1715 950 1786 clall'tt,

13 1803 191 1883 peruiaeque
210 1797 251 1858 ad
269 1819 361 1858 unam
381 1819 492 1860 omnes
510 1815 621 1880 captae
639 1815 722 1862 aunt.
766 1799 873 1888 Quum
888 1797 952 1880 igi·

13 1895 39 1946 bt
49 1883 94 1942 hoc
108 1901 227 1966 genere
244 1881 370 1942 navium
384 1879 547 1942 abundare
559 1883 682 1942 catttua
692 1883 858 1965 coepill'et,
880 1881 952 1940 Sta-

13 1963 34 2026 io
46 1969 133 2024 llurco
154 1961 308 2046 quasdam
332 1981 458 2035 earum,
488 1959 572 2024 haud
591 1967 697 2048 magni
718 1964 756 2024 ad
775 1965 836 2027 alia
854 1978 951 2034 traua,

13 2045 133 2120 utribuit3
165 2065 247 2128 quas
269 2044 417 2107 incensat
438 2058 623 2127 opportuno
649 2059 744 2108 rento
771 2047 803 2108 in
827 2043 953 2104 clall'ent

13 2109 98 2194 lelium
114 2127 268 2187 mitteret.
298 2125 367 2198 tlte,
391 2125 536 2188 feliciter
556 2138 752 2211 exsequutus
768 2125 951 2196 consilium,

13 2205 60 2268 'ttin
75 2208 194 2292 proelio
213 2209 321 2268 victor
338 2207 419 2280 luit,
450 2220 500 2278 et,
525 2208 556 2267 in
577 2223 705 2292 portum
729 2209 877 2272 invectus
898 2227 952 2266 na·

13 2283 82 2359 llus,
102 2291 219 2351 exitum
235 2289 421 2350 Dolabellae
443 2287 571 2372 penitus
590 2291 787 2353 interclusit.

13 2367 15 2478 ἶ
45 2399 124 2458 llll.
151 2397 223 2458 Jam
244 2407 293 2468 et,
324 2408 450 2456 aterna
476 2394 635 2480 perfectis
658 2397 834 2479 operibus,
866 2394 952 2458 trice
977 2410 1149 2482 Ejuaexa'tua.

13 2473 208 2540 movebatur:
241 2491 291 2548 et,
313 2477 531 2561 nequidquam
549 2477 723 2562 eruptione
742 2493 876 2552 tentata,
899 2497 952 2539 re-

13 2547 81 2698 plsus
101 2563 179 2620 intra
203 2559 332 2620 moenia
353 2557 450 2620 bullis
473 2573 551 2622 erat.
596 2559 661 2622 Sed
675 2559 885 2624 resistebatur
899 2559 955 2620 ad-

22 2661 57 2710 uc,
83 2657 128 2713 et,
159 2661 200 2702 ne
231 2640 396 2724 eorrumpi
424 2655 601 2703 nocturnae
629 2643 785 2705 excubiae
809 2643 954 2728 pollent,

13 2721 35 2788 Ι.
46 2725 182 2785 Octavius
202 2727 330 2784 Marcus
353 2721 507 2806 pervigili
530 2743 606 2784 cura
630 2724 839 2808 impediebat.
891 2723 956 2806 lgi-

13 2795 50 2873 br,
75 2805 122 2888 qui
143 2805 289 2866 interdiu
309 2804 342 2864 in
365 2801 548 2866 stationibus
569 2819 677 2876 erant,
711 2809 814 2892 quieti
837 2825 872 2868 ae
891 2819 956 2866 tras

13 2875 73 2948 lmte
88 2891 209 2960 llarao,
240 2885 390 2947 lecerunt
410 2885 647 2968 proditionem,
671 2887 793 2983 Quinto
819 2887 958 2972 quodam

13 2971 118 3040 lectore,
140 2983 173 3031 et
188 2989 253 3052 per
272 2969 400 3028 diversa
419 2987 516 3050 parra
537 2965 631 3040 ostia,
655 2991 737 3054 quae
754 2971 785 3031 in
803 2969 904 3030 muria
919 2967 959 3029 ad

13 3047 92 3110 ntitas
115 3051 306 3132 eruptiones
331 3064 444 3110 veteru
504 3047 655 3112 'ndullria
681 3053 879 3136 reliquerat,
909 3051 960 3112 in..

13 3131 127 3194 tonillua
140 3129 242 3192 hollia
254 3129 307 3193 ett.
342 3131 429 3192 Urbe
444 3069 511 3215 dx
518 3153 553 3204 a,
576 3153 672 3230 quum
684 3133 851 3196 Dolabella
868 3153 960 3194 auum

13 3214 147 3296 nenplum
165 3225 348 3286 metueret,
383 3231 442 3288 ne,
476 3213 562 3296 quod
581 3235 613 3276 tn
630 3215 797 3276 Trebonio
815 3213 958 3286 lecerat,

13 3287 246 3382 ipsepateretur,
281 3313 377 3355 aerro
399 3315 458 3356 auo
481 3295 630 3378 praebuit
650 3299 832 3368 cervicem,
865 3316 900 3358 eu
926 3309 960 3359 ut

13 3371 101 3437 adlenc
120 3377 236 3454 iubens
256 3376 378 3446 Cull'to,
413 3397 489 3438 auae
510 3378 620 3438 salutis
642 3379 831 3462 praemium.
881 3319 958 3452 lde,
1059 3389 1064 3400 ¹

13 3457 133 3534 ltperelle
154 3472 218 3520 tam
240 3459 326 3521 bono
344 3455 424 3518 bero
466 3472 611 3530 cavatus,
641 3481 737 3543 quum
757 3459 962 3544 illum‘q'ugu·

13 3529 83 3606 lalet,
108 3559 295 3623 aequoque
314 3477 537 3602 eodemdcrro
558 3541 732 3604 interemit.
777 3539 842 3604 Sed
865 3555 897 3602 et
915 3547 959 3604 Μ.

15 3611 201 3706 latrinam
224 3641 319 3682 rnanu
338 3621 463 3682 invenit
483 3643 606 3683 necent.
657 3623 803 3710 Corpora
823 3623 959 3707 sepeliri

13 3695 204 3774 irllttCalliua,
230 3723 419 3786 quamquam
435 3703 634 3765 'l'rebouium
654 3705 849 3768 inhumatum
870 3705 958 3785 abje-

17 3795 98 3844 cerant.
135 3785 175 3882 Q.
197 3785 361 3858 Bellium,
388 3783 443 3868 qui
462 3799 573 3870 pactua
591 3801 661 3849 erat
680 3789 832 3864 salutem,
857 3787 885 3851 ai
901 3809 958 3852 oc·

18 3885 313 3910 ‘fin-——n—

47 3938 100 4010 lep.
118 3946 176 3999 tttt.
202 3941 270 3998 Cic.
294 3942 330 3997 ad
346 3945 426 4000 Fam.
448 3963 493 4012 aa,
514 3947 554 4002 13.
584 3945 710 4019 Appian.
733 3945 802 4000 Dio.
826 3943 871 4017 tp
894 3943 960 3998 ian.

18 3997 62 4076 lap.
74 4013 136 4067 lllll.
159 4013 224 4068 cic.
243 4009 280 4064 ad
292 4016 372 4067 Fam.
394 4033 438 4080 ra,
458 4023 499 4084 14.
517 4025 545 4070 ct
560 4017 602 4070 15.
620 4016 687 4072 tato.
708 4015 841 4069 Frontin.
887 4023 954 4067 trnt.

18 4078 112 4156 ‘¹⁷:¹l·
132 4081 265 4154 Appian.
288 4083 356 4138 Dio.
398 4085 469 4157 Cap.
485 4085 574 4140 xxtt.
596 4085 721 4160 Appian.
743 4085 810 4138 Dio.
828 4079 957 4156 Appiana

20 4141 172 4276 appeto&
185 4171 222 4276 p.
231 4151 300 4274 ι673.
318 4152 443 4226 Appian.
462 4154 521 4224 14.
542 4153 619 4212 Vell.
634 4174 662 4222 a,
677 4157 721 4228 69.
740 4153 867 4228 Appiuu.
886 4150 956 4206 llio·

82 4247 89 4270 ¹
164 4240 212 4277 οι
249 4253 259 4274 a
959 4240 971 4252 ““
