2598 4692
177 337 498 406 rusucurium.
520 320 757 406 exuetere
843 338 846 352 ·
903 335 979 408 sco·
1071 335 1075 344 '

15 553 126 618 licitatur
142 571 177 612 se
195 550 369 628 obiecerat.
411 551 482 622 llli,
510 565 655 636 tempora
672 573 737 614 non
760 553 829 615 susi
848 537 962 638 arque.
995 547 1029 604 ll·
1042 567 1141 620 Μαι.

14 659 52 704 rr,
69 653 131 694 cum
145 633 276 695 silentio
293 649 326 696 ct
342 633 483 696 lacrimis
498 633 744 696 adsectabantur
757 635 963 712 nebulonem,
996 621 1081 677 Ml·
1113 625 1144 684 ³·
1251 703 1261 720 ,

14 719 92 780 donec
116 729 267 778 commota
290 715 403 800 populi
425 715 605 811 indignatio
627 715 750 778 extudit
770 737 786 776 a
807 719 963 784 tribuari-

15 803 58 864 sis.
78 811 106 858 ut
121 818 190 858 eum
206 817 320 859 rursus
334 799 512 882 proscripti
531 797 644 860 liberis
660 797 692 858 in
707 798 895 862 servitutem
909 796 964 864 adss

14 883 139 941 dicerent.
180 880 273 942 Alius
298 899 490 940 conservum
513 899 622 952 suum,
652 879 787 962 pulchro
813 879 963 966 ilratcge·

12 979 72 1024 uate
90 961 185 1045 (quali
208 975 240 1022 et
261 961 439 1045 Panopioni
466 973 586 1044 partam
612 963 745 1025 salutem
769 961 875 1039 pellea
897 987 964 1027 tne-

12 1043 190 1119 uorabimus)
212 1044 308 1106 vitam
327 1041 400 1106 heri
419 1057 522 1104 morte
544 1065 599 1104 sua
619 1043 879 1128 redempturum,
908 1067 964 1110 re.

13 1140 104 1196 tuerat,
124 1121 333 1186 demonstrata
352 1123 509 1186 militibus
530 1125 667 1188 fallacia.
709 1125 810 1208 igitur
830 1139 964 1190 necatus

13 1207 204 1270 cltdomiuus:
227 1205 286 1268 aed
306 1205 444 1302 populus
462 1225 527 1266 non
545 1202 664 1270 dellitit
681 1207 861 1271 obtundere
880 1223 964 1272 tres·

13 1291 92 1359 nites,
111 1287 214 1350 donec
232 1286 330 1350 index
349 1289 406 1350 olle
424 1288 580 1372 patibulo,
601 1289 709 1352 fidelia
725 1303 830 1352 autem
848 1311 963 1354 acerna

13 1371 121 1432 libertati
142 1369 373 1434 vindicaretur.

53 1477 167 1538 LXXV.
197 1477 425 1540 AtUrbinicm
442 1479 682 1566 Panapionem,
713 1478 745 1540 in
765 1479 961 1542 villaellea·
993 1485 1142 1556 Attium

14 1559 72 1620 tinae
90 1560 239 1641 spelunca
261 1559 455 1634 latitantem,
487 1581 583 1644 quum
605 1559 710 1622 inlelli
731 1561 850 1622 milites
870 1555 1156 1646 peto-lqufft·

13 1657 78 1714 rant,
100 1663 180 1702 unus
197 1661 236 1704 ex
252 1643 357 1704 serris
378 1643 463 1722 ejus,
493 1641 578 1704 velle
597 1661 667 1703 cum
686 1641 816 1704 domino
830 1661 960 1728 permu·
972 1637 1151 1691 'mmm‘

13 1735 69 1794 tata,
94 1737 282 1806 sumptoque
306 1726 439 1798 annulo,
469 1724 710 1809 percuss'om'bus
729 1743 802 1786 sese
820 1723 960 1806 objecit,
973 1693 1090 1748 ΜΝ·

13 1805 60 1862 alul
71 1805 176 1880 cartjmi
191 1805 352 1874 dictitans,
375 1811 514 1882 quominus
530 1812 689 1886 insperatum
704 1821 874 1886 perquereor.
904 1807 962 1870 sie

14 1885 64 1954 ille,
87 1905 142 1970 prn
163 1888 253 1947 Pano
277 1889 352 1948 ione
380 1887 590 1960 interiectus,
621 1887 751 1972 pietatis
773 1887 834 1950 hoc
853 1886 962 1972 pellea

41 1969 153 2028 samium
178 1969 217 2028 eh
265 1970 374 2031 omino
396 1971 527 2042 retulit,
558 1983 593 2032 ut
611 1969 716 2054 amplo
736 1983 960 2042 monumento,

12 1986 119 2133 hctiqre
133 2049 346 2132 pulcherrimi
364 2049 577 2114 testimonium
594 2051 818 2136 praeferente,
843 2051 963 2114 conclea

13 2145 84 2196 ratur,
119 2134 262 2194 Menenii
279 2151 393 2196 oerrua
411 2135 444 2196 in
463 2134 608 2196 lecticam
628 2133 751 2194 domini
765 2149 909 2217 opertam
927 2153 964 2196 se

14 2213 135 2288 conjecit,
157 2214 230 2277 aliia
250 2234 267 2274 e
284 2213 404 2276 familia
422 2215 693 2284 succollantibus,
715 2227 830 2298 atque,
853 2217 896 2280 ita
913 2217 963 2277 in·

14 2293 134 2436 trrirptps
150 2317 213 2379 pro
230 2295 331 2370 haro,
363 2295 521 2360 credendi
545 2297 579 2362 iu
603 2295 748 2360 Siciliam
770 2297 804 2360 ei
824 2297 963 2380 apetium

14 2393 66 2458 prae
86 2391 137 2438 uit.

53 2483 179 2546 nxxvt
209 2482 275 2546 Sed
296 2481 330 2544 hi
351 2483 481 2568 quidem
502 2479 672 2548 benefieiis
696 2483 815 2546 adiecti
839 2485 961 2547 retule·
991 2481 1069 2538 Sml
1081 2481 1130 2547 stl-

14 2575 65 2623 runt
85 2566 279 2628 merentibus
306 2567 450 2646 gratiam.
489 2565 589 2644 majus
619 2567 806 2628 miraculum
836 2565 899 2628 suit
927 2568 960 2628 in
973 2551 1130 2623 gnsttaafi·

15 2643 141 2726 lignaria,
168 2648 224 2732 qui
236 2649 367 2708 Antium
380 2646 564 2710 Rellionem
587 2663 685 2710 noctu
707 2647 905 2730 lugientem,
921 2661 962 2710 ut
973 2621 1150 2755 ἵῧιζπω

15 2728 155 2808 potentin
174 2729 351 2823 compede,
375 2729 591 2814 adsequutua,
618 2729 734 2792 terruit
751 2731 889 2810 primum
906 2729 962 2790 ad·

12 2823 94 2888 apertu
107 2829 183 2887 aau;
209 2809 329 2874 derude
345 2809 564 2885 confirmavit,
587 2812 674 2874 hono
687 2809 800 2890 juhons
815 2811 878 2872 elle
894 2813 962 2872 nni-

17 2905 62 2964 !o;
81 2891 126 2970 titi
142 2893 270 2972 mojorem
286 2897 458 2975 odaeprormn
475 2891 539 2952 olim
554 2893 758 2970 lrtrrfi'ciorum,
780 2911 859 2974 quom
879 2893 965 2972 taujan

16 2973 109 3044 nium,
129 2977 280 3032 memorium
294 2975 358 3044 esso:
379 2973 619 3058 abstrusumquo
635 2973 667 3036 in
685 2973 867 3056 speluncam
882 2993 963 3058 quo·

16 3047 110 3114 tiliania
124 3055 233 3137 operia
246 3057 335 3118 aluit.
365 3053 541 3128 Postremo,
562 3075 658 3140 quum
678 3055 879 3138 suspicantes
895 3073 965 3116 rem

16 3133 101 3198 eilitcs
115 3139 373 3222 supervenirent,
397 3137 546 3200 exstruxit
558 3157 688 3220 tugumr
712 3150 743 3198 ct
756 3155 864 3197 senem
877 3135 965 3198 tona

16 3213 121 3278 oblatum
138 3217 275 3294 occidit,
294 3235 393 3305 atque
414 3221 446 3282 iu
464 3239 571 3316 pyram
590 3217 754 3301 imposuit.
787 3217 963 3290 dominum,

18 3291 64 3354 hta
77 3299 233 3366 interlecti
250 3301 344 3374 velle,
368 3297 508 3364 dimisit:
530 3301 542 3362 i
566 3321 602 3362 se
619 3299 724 3362 induit
740 3297 877 3362 herilem
892 3317 965 3362 cum

19 3381 120 3452 unuln,
147 3405 246 3466 acque
267 3383 507 3469 perculsorihua
526 3323 651 3450 obviam
672 3380 755 3444 tulit.
796 3384 823 3442 A
845 3381 964 3464 quibua

19 3479 57 3540 pro
70 3460 217 3526 homicida
236 3481 400 3536 retentus,
423 3465 589 3542 Restiormn,
612 3463 728 3548 inquit,
749 3464 843 3538 occidi,
864 3469 963 3524 vicen.

20 3562 51 3616 qr
63 3545 203 3606 crudelitati
221 3549 299 3626 ejus,
327 3569 344 3606 a
363 3545 463 3630 quossi·
483 3567 592 3607 notatas
603 3545 683 3628 sum,
713 3545 834 3608 reddidi.
877 3547 963 3628 Quia

22 3623 168 3710 ¹terisituilia
183 3629 395 3713 loquebatur,
416 3627 627 3692 crediderunt
643 3627 780 3694 militea.
804 3639 963 3712 caputque
1087 3641 1090 3650 ’

21 3703 126 3782 ignobile
143 3709 285 3772 serentes
304 3709 416 3772 lrullra
436 3711 674 3772 contenderunt
691 3709 722 3770 in
742 3708 864 3770 urbem.
897 3711 964 3770 Αιι-

23 3786 77 3879 litff.
99 3811 224 3856 aacrro
246 3791 438 3868 subductus,
469 3793 503 3854 in
526 3791 670 3856 Siciliam
698 3811 770 3854 cum
796 3813 836 3854 eu
859 3805 966 3854 trana-

23 3883 81 3940 terit.

43 4032 95 4102 Cap.
105 4037 205 4093 mv.
228 4033 294 4089 Val.
309 4035 386 4088 Max.
401 4035 427 4094 6.
445 4031 471 4090 Β.
490 4042 519 4086 et
534 4031 668 4086 Macrob.
687 4029 748 4086 Sat.
760 4047 785 4095 ι,
800 4047 841 4084 ¹¹·
854 4025 957 4092 ‘²⁰3⁰'

25 4103 149 4188 ttlppirn.
167 4117 193 4162 rt
208 4107 279 4163 Sen.
298 4103 333 4162 do
350 4105 454 4160 Rencl'.
470 4105 503 4166 3,
519 4105 561 4158 25.
592 4101 657 4154 rat.
677 4103 752 4184 Mqr.
776 4109 804 4152 rt
823 4095 959 4178 ulterram

27 4169 114 4240 lpum.
128 4180 228 4233 unio.
266 4175 339 4249 Gap.
355 4175 480 4238 Lxxvl.
500 4171 626 4250 Appiae.
644 4173 753 4230 critic,
766 4178 795 4222 ct
806 4169 820 4224 l
832 4165 870 4224 al.
881 4166 957 4224 nas.
981 4205 986 4220 ι

26 4239 193 4307 badlhlddl'·
208 4247 270 4308 Sli-
289 4270 314 4320 l,
332 4267 375 4311 tl·
