2610 4696
61 3819 72 3856 Ι

304 311 365 394 deo
386 305 588 374 FREINSH.
600 297 1020 371 SUPPLEMENTORUM
1029 298 1266 384 InmLXXWI.

135 517 169 570 U·
188 515 315 586 55059
369 521 424 578 111.
448 515 627 576 Enimvero
644 513 793 580 Brutum,
817 508 916 569 rebus
936 507 970 570 in
983 508 1122 596 Asie'ex
1138 527 1206 574 voto
1220 537 1268 578 suc.

135 589 287 708 iridiiuiin
310 597 521 664 cedentibus,
552 598 596 654 M.
617 591 752 652 Antonii
777 603 911 652 5555555
934 581 972 650 in'
988 593 1152 675 Europam
1169 589 1280 658 reuoca·¹

120 727 270 796 Europam.
310 695 397 742 runt.
428 679 518 755 cujus
538 677 616 738 lieet
633 693 708 755 spes
729 672 763 732 in
783 673 930 734 exercitu
950 671 1143 736 seditionem
1163 681 1273 754 serendi,

310 765 508 842 interempto
530 759 632 819 fratre
651 753 749 832 Caio,
771 755 806 815 in
824 754 953 816 irritum
972 755 1173 834 reciderant3
1199 773 1275 824 55555

210 893 213 898 -
309 843 490 908 verendum
509 845 612 902 Bruto
633 851 723 908 erat,
751 857 791 898 ne
810 836 867 920 qui
885 857 946 919 per
963 837 1140 899 absentiam
1159 863 1235 901 suam
1247 847 1281 924 sig

128 937 294 992 BrnrnsBes.
310 927 404 992 miles
422 925 477 988 elii
493 937 599 994 motus
614 919 792 986 orirentur.
829 919 943 1060 Igitur,
965 919 998 979 in
1013 919 1123 983 reditu
1134 943 1191 1006 per
1201 924 1278 985 tte.

117 1010 276 1066 sassinate.
310 1010 408 1076 riam,
433 1007 620 1087 regionem,
644 1021 738 1084 quem
760 1001 832 1064 sine
866 1001 969 1063 iberis
993 1001 1157 1080 decedens
1176 1005 1279 1068 Sadales

311 1091 433 1175 populo
451 1091 595 1148 ltomano
612 1085 809 1166 reliquerat,
832 1101 910 1144 rece
935 1084 970 1144 it.
994 1083 1072 1146 inde
1089 1087 1122 1146 in
1134 1087 1234 1148 Bessos
1247 1089 1280 1149 15.

312 1169 631 1256 555555555555555,
653 1179 688 1228 55
709 1165 803 1226 simul
823 1105 982 1226 maledicis
1000 1165 1119 1230 borum
1134 1165 1282 1230 ulciscere]

312 1269 385 1326 tur,
419 1267 451 1314 et
473 1247 536 1312 sibi
554 1269 678 1310 nomen
706 1245 917 1330 imperatoris
940 1261 1090 1331 pararet,
1122 1269 1282 1314 5555555515

312 1351 410 1419 etque
420 1334 562 1410 ‘utilitati
581 1331 725 1392 futurum
744 1330 784 1392 ed
802 1330 942 1402 bellum,
973 1331 1062 1413 quod
1078 1332 1141 1394 sibi
1155 1333 1282 1396 adversas

314 1421 488 1482 Caesarem
503 1429 536 1488 et
546 1411 722 1476 Antonium
738 1409 807 1495 post
822 1411 1001 1494 gerendum
1017 1414 1081 1476 effe
1100 1414 1230 1476 videbat.
1255 1419 1283 1484 Et

313 1500 406 1562 initia
427 1497 557 1581 quidem
577 1495 657 1576 belii
677 1493 835 1555 adversus
858 1493 960 1556 serem
982 1509 1015 1556 et
1036 1517 1209 1579 pugnacem
1224 1493 1283 1580 geni

312 1597 378 1644 tem
401 1581 509 1666 paullo
530 1578 663 1639 duriora
683 1577 835 1638 suerunt:
866 1575 925 1638 sed
944 1578 1077 1661 egregia
1097 1579 1283 1660 Rhascupoli-

313 1664 365 1730 dis
388 1684 488 1748 opera
509 1661 666 1724 victorem
680 1661 818 1722 Brutum
835 1659 970 1744 votique
990 1675 1174 1746 compotem
1192 1660 1268 1722 iecit.

375 1797 431 1858 tv.
463 1795 569 1876 Atque
591 1791 639 1863 is,
670 1806 706 1853 ut
725 1791 859 1852 centiam
881 1813 968 1852 suem
990 1791 1089 1854 latius
1107 1777 1284 1853 commendat*

313 1892 383 1949 ret,
407 1879 574 1960 pecuniam
594 1875 716 1958 signari
736 1871 810 1934 binc
829 1873 969 1955 imagine
990 1896 1045 1934 sua
1062 1873 1207 1952 juss'erat.
1230 1875 1284 1938 intt

255 2023 259 2036 ι
313 1962 420 2044 pileo,
453 1958 616 2023 libertatis
639 1956 765 2026 indice,
790 1969 823 2014 et
845 1955 970 2017 duobus
992 1957 1211 2040 pugionibus,
1235 1957 1284 2041 qui·

270 2093 276 2112 .
311 2043 373 2104 bus
401 2061 436 2102 se
464 2054 559 2122 atque
581 2039 717 2104 Cassium
742 2039 774 2097 in
795 2037 979 2106 libertatern
1000 2037 1179 2102 adseruitte
1195 2041 1285 2100 ltonnt

312 2145 388 2188 nurn
409 2123 582 2207 populum,
608 2121 734 2184 sublato
752 2120 904 2192 domino,
928 2117 1142 2204 significaret,
1166 2113 1285 2234 tempori

313 2225 445 2294 quoque
471 2205 522 2266 rei
544 2201 651 2288 gestae
674 2203 721 2268 sic
743 2201 927 2286 adscripto,
949 2203 1192 2268 eleuter.

350 2338 417 2422 ,v·
448 2337 572 2400 Omnes
592 2335 655 2416 jum
677 2349 766 2396 trans
786 2355 875 2396 mare
893 2337 1138 2419 provinciusin
1159 2336 1286 2432 potestati

311 2423 434 2482 Brutus
464 2433 560 2502 etque
587 2419 708 2484 Cellius
737 2415 918 2479 hebebant:
953 2438 1060 2502 neque
1089 2419 1286 2484 tantummodt

311 2503 506 2585 suppetebat
527 2502 629 2562 titium
648 2499 925 2562 communicandis
946 2501 1112 2572 consitiis,
1138 2501 1196 2563 sed
1215 2505 1286 2563 etiaa

309 2585 528 2646 neeessitatcur
546 2581 733 2666 imponebat
747 2595 876 2677 paratus
890 2601 1006 2668 prope,
1030 2597 1063 2644 et
1077 2604 1153 2644 mox
1165 2585 1197 2646 in
1210 2587 1286 2645 Grae

101 2645 103 2652 ,
129 2643 389 2730 cein'crsstsciam
416 2665 656 2732 transmitiurus
682 2661 792 2726 hottis.
843 2666 963 2748 igitur,
997 2665 1119 2730 Cestius
1139 2688 1158 2728 e
1178 2667 1281 2728 Cilicia

116 2748 263 2804 ssnsutesr.
306 2751 428 2812 Brutus
453 2747 678 2810 edtaccdonia
699 2743 862 2828 profecti,
894 2749 1048 2828 Smyrnae
1071 2745 1110 2806 ed
1134 2747 1286 2810 ordinandi

306 2830 410 2894 futuri
433 2829 512 2892 betti
537 2830 673 2890 consilia
698 2836 869 2899 coierunt,
903 2829 944 2890 iis
967 2827 1173 2911 pedestribus
1193 2831 1284 2894 5555Ιί

205 2965 209 2974 ,
306 2909 434 2996 busque
457 2933 495 2973 co
522 2913 580 2982 iis,
611 2927 643 2972 et
664 2908 817 2994 adparatu
834 2912 1011 2994 pecuniae,
1041 2926 1076 2974 ut
1097 2915 1233 2976 minime
1249 2915 1285 2972 im

306 3014 403 3082 pares
432 2995 470 3055 ed
499 2935 740 3055 decernendum
767 2990 806 3053 de
826 2997 971 3056 Romano
994 2994 1136 3077 imperio
1159 2997 1284 3057 viderer

306 3089 371 3139 tur.
414 3077 491 3138 Pari
510 3075 636 3138 honore
659 3089 691 3138 et
712 3086 800 3146 5555,
832 3091 864 3138 55
882 3073 997 3136 baberi
1020 3077 1153 3138 volebat
1171 3079 1282 3141 Caffius

308 3157 367 3219 sed
386 3157 504 3219 detulit
524 3158 555 3219 ei
572 3157 713 3230 Brutus,
737 3169 773 3218 55
791 3159 941 3220 crebrius
962 3158 1002 3219 ad
1024 3179 1097 3218 eum
1117 3162 1284 3221 ventitaret

190 3267 196 3284 ι
307 3251 467 3384 pppqunm
487 3255 590 3302 555555
608 3241 784 3322 majorem,
816 3255 849 3304 et
869 3261 1010 3328 corpore
1029 3237 1115 3304 houd
1136 3263 1238 3330 aeque
1254 3261 1286 3302 ra

322 3343 420 3386 rum.
465 3384 473 3397 ,

128 3475 293 3545 massus.
368 3453 424 3518 VI.
447 3459 561 3540 Neque
581 3453 753 3520 discessum
770 3477 787 3517 a
804 3456 972 3538 prioribus
991 3457 1108 3520 animis
1126 3475 1207 3532 5555,
1229 3461 1286 3543 quit

115 3545 294 3602 5551555551·
308 3547 341 3594 et
358 3537 444 3598 tueri
463 3539 598 3602 ceuss'am
618 3557 706 3599 suem
726 3552 939 3610 conarentur,
963 3553 995 3600 et
1009 3561 1074 3602 non
1090 3541 1156 3602 nisi
1173 3563 1286 3604 concor

114 3613 169 3686 pit.
281 3611 288 3630 “
306 3614 403 3678 dibus
422 3632 539 3680 5555555
557 3618 758 3683 subeundum
778 3621 897 3684 molem
912 3621 1044 3685 scirent.
1068 3623 1284 3708 adparebatqu

305 3697 388 3760 nibil
409 3699 472 3760 effe
491 3703 630 3774 melius,
652 3721 747 3785 quem
768 3716 804 3765 ut
823 3703 858 3764 in
874 3703 1096 3766 Macedoniam
1115 3709 1286 3770 cumomni

305 3778 367 3842 hus
389 3783 495 3863 copiis
515 3782 827 3866 protioiscerentor,
850 3786 1076 3870 propulsaturi
1094 3787 1233 3862 bostem,
1254 3811 1286 3850 55

292 3847 829 3949 ’55115555551515515555555155555
844 3870 1121 3956 penesquemjam
1131 3873 1286 3956 effelegio

333 4056 417 4136 esp.
432 4055 485 4110 111.
513 4027 582 4112 550.
608 4055 673 4112 niv.
696 4055 778 4129 spe.
805 4055 875 4138 nto.
912 4055 1057 4139 captu.
1076 4057 1215 4142 .³PP³⁸.¹²·
1239 4057 1286 4111 nn

306 4123 1115 4283 55555555555;,15115,5515·55
1132 4131 1211 4206 ¹³⁹⁸·
1231 4127 1286 4186 ¹²¹²*
