2618 4686
71 282 962 400 inaususnrrn'nnxxrv.maocnnmttv.
978 321 1021 402 ‘t

112 535 157 596 nt.
174 528 457 604 necessatibus,
476 511 1018 616 lanapluitcircapailellumCos-
1052 524 1086 582 ὓ·
1102 543 1201 608 ⁰·,7M-
1272 541 1275 548 “

71 638 163 688 annm,
182 614 230 674 nbi
247 611 315 674 ioci
336 633 401 675 non
419 615 519 676 malta
537 611 608 699 poll
623 615 753 678 occisus
770 613 918 679 eumilo.
948 638 1018 698 mu·
1040 595 1086 720 ἐ·
1098 597 1131 651 ⁰·
1144 599 1178 651 ⁵⁰

69 697 203 784 inpatiens
216 695 378 758 bonorum
388 697 566 774 interitum,
588 697 797 760 mutationem
815 699 933 783 legum,
950 713 1018 761 tur·
1052 678 1209 787 ἔζηκα,

70 804 108 868 pes
121 793 322 848 matronarum
335 793 447 862 partas
461 777 652 868 significalle
664 779 787 844 credita
798 777 857 842 ess:
881 781 938 842 sed
954 803 1019 842 non
1031 753 1063 858 Ξ,
1070 805 1221 871 successione

71 877 117 926 nat
127 859 272 946 pmdigiis
285 881 306 922 o
333 882 381 933 us,
404 882 503 945 quam
540 863 663 926 erieula
677 877 711 926 et
726 862 886 926 libertatis
904 861 1019 925 interi·
1034 859 1174 928 caesaris.

68 961 102 1008 tas
118 944 166 1024 jam
186 943 289 1006 oculis
309 883 478 1006 bominum
498 885 761 1008 obversarentur.
799 943 1026 1038 Quotidianae·

68 1030 128 1090 enin
138 1024 173 1086 de
186 1025 386 1087 succeiiione
398 1025 546 1088 Caesaris
559 1030 786 1092 contentiones
798 1040 904 1090 erant:
946 1044 1022 1090 uum

69 1109 185 1172 advertus
203 1106 374 1192 Pompeji·
405 1107 630 1170 otentiiiimam
657 1109 831 1184 factionem
858 1049 1022 1174 illebaud

68 1192 153 1254 macri
167 1189 285 1250 robore
307 1129 491 1252 resileant:
521 1207 628 1278 neque
647 1193 721 1276 plus
742 1192 791 1254 illi
809 1191 1018 1275 prodessent,

69 1275 107 1358 qai
129 1271 284 1334 amicitiam
314 1270 574 1356 profitebantur,
615 1295 709 1359 quam
739 1274 796 1361 qui
827 1273 1020 1338 simulabant
1126 1317 1130 1336 .

69 1355 154 1418 odiam.
993 1375 997 1382 “

108 1463 149 1528 IV.
175 1461 271 1544 Cujus
293 1466 346 1528 rei
367 1485 509 1528 summus
530 1463 647 1526 artifex
665 1465 764 1528 Curio
785 1467 966 1530 minabatur
983 1469 1017 1530 in
1038 1472 1215 1532 causasar-

70 1547 340 1629 tpeciemcaesari,
363 1549 498 1610 consilia
516 1548 770 1624 communicabat
789 1569 862 1612 cum
878 1553 1099 1635 Pompessms
1135 1593 1140 1603 ·
1214 1551 1219 1567 ⁸

68 1627 135 1709 janis:
161 1641 190 1688 at
211 1643 244 1690 et
266 1629 404 1690 illorum
425 1629 630 1714 perdisceret
650 1629 782 1694 intimos
805 1653 939 1706 sensus,
961 1648 1016 1710 ret,

70 1710 140 1771 lance
155 1709 287 1771 animum
308 1711 431 1773 nudare
445 1715 667 1796 'opportunum
684 1711 864 1787 videretur,
888 1713 966 1797 plns
981 1737 1023 1780 ex

70 1793 159 1854 tetaltc
179 1808 329 1855 noceret.
370 1795 542 1856 Maximum
564 1791 705 1856 hominis
732 1795 964 1858 tastamentum
986 1799 1021 1867 itt
1129 1805 1132 1821 '

70 1887 174 1945 ecerat,
195 1876 408 1950 ut,'multis,
439 1875 498 1938 secl
520 1875 686 1952 inanibus,
715 1875 829 1938 effusis
846 1878 883 1960 in
905 1879 1022 1942 Caesa·

69 1975 112 2016 ran
126 1955 227 2030 dictis,
251 1958 379 2018 sensim
396 1958 439 2018 ad*
451 1979 507 2030 ea,
553 1977 613 2018 uae
625 1958 815 2044 Pompeiam
835 1973 870 2034 et
882 1957 1020 2044 optima.

68 2049 98 2098 tes
110 2035 254 2100 offensura
273 2051 386 2113 erant,
407 1979 681 2124 progreleretur:
710 2051 869 2124 tamquam
889 2057 1021 2104 neutra·

66 2121 256 2202 manantium,
279 2134 317 2182 et
334 2119 495 2183 libertatis
513 2117 686 2182 custodiam
704 2123 807 2184 cuivis
823 2127 946 2206 gratiae
964 2145 1021 2184 aa·

67 2209 197 2282 trpnnens.
238 2207 310 2264 Nec
329 2221 370 2264 eo
389 2203 495 2264 animo
519 2201 573 2263 iila
593 2203 813 2285 proponebat,
847 2219 881 2267 ut
905 2206 1020 2268 decre·
1123 2225 1125 2241 ¹

67 2285 158 2344 tnn‘iri
179 2297 342 2378 speraret,
373 2299 428 2346 aut
447 2285 579 2344 omnino
597 2297 734 2367 cuperet
750 2284 901 2349 decerni:
938 2287 1017 2360 sed,

64 2359 239 2446 lisnegatts,
269 2387 348 2428 ansa
376 2364 510 2428 dabatur
537 2365 587 2438 ei,
619 2379 652 2427 et
672 2387 752 2450 quae
771 2381 883 2429 contra
901 2370 1019 2434 Caesa·

64 2446 328 2528 temperabantur,
352 2447 432 2509 citra
455 2447 674 2532 suspicionem
695 2448 907 2532 impediendi.
952 2452 1019 2534 lgi-

63 2539 102 2598 tar,
117 2527 159 2588 bis
175 2528 442 2590 contentionibus
462 2551 559 2614 quum
579 2531 738 2612 temporis
752 2533 948 2616 permultum
965 2552 1019 2594 es.

62 2623 333 2694 tetoonsnmptnrn‚
357 2611 490 2694 indigne
510 2631 546 2672 se
564 2609 599 2672 id
616 2609 707 2674 ferre
723 2613 895 2686 simulans,
916 2627 953 2674 ut
967 2614 1018 2674 in·
1062 2631 1064 2648 ’

61 2692 248 2766 temalaretnr,
280 2690 442 2776 postulare
466 2693 592 2780 coepit,
623 2705 783 2780 tamquam
804 2695 908 2780 spatio
930 2693 1016 2756 indi-

62 2790 116 2852 gens
130 2773 162 2833 ad
177 2773 395 2858 perferenda,
418 2795 500 2859 quae
519 2773 630 2837 vellet.
946 2780 948 2789 '
1097 2829 1104 2868 ,
1180 2815 1183 2820 -

99 2881 132 2944 V.
148 2883 219 2944 Erat
237 2895 348 2944 autem
365 2881 578 2946 intercalandi
594 2904 613 2944 a
634 2880 678 2944 atl
691 2885 869 2955 Romanos,
880 2900 933 2944 ·ex
946 2901 1013 2942 mn·
1037 2887 1208 2972 inrugetur.

61 2981 104 3046 gno
117 2977 252 3026 veterum
270 2983 388 3026 errore
406 2965 438 3024 in
455 2985 540 3028 anno
555 2985 617 3036 con
644 2963 801 3047 ituenda,
812 2977 883 3026 orta
896 2983 1013 3026 neces·
1024 2955 1148 3014 Mutae·

60 3045 125 3105 titas:
143 3043 256 3116 deinde
276 3065 320 3106 ex
336 3047 512 3114 ambitione
530 3057 584 3108 ant
599 3047 780 3129 ignorantia
797 3045 1018 3127 'sacerdotum¹
1068 3103 1070 3108 .

75 3127 146 3186 aibas
166 3147 201 3188 ea
222 3127 388 3190 commitis
412 3147 487 3190 cura
510 3128 635 3200 fuerat,
668 3127 826 3190 mirabilis
848 3127 1013 3189 confusio.

60 3145 136 3287 laam
151 3211 231 3271 enim
254 3209 298 3270 ad
317 3209 412 3273 lunae
432 3229 561 3276 cursum
581 3207 741 3271 institutus
754 3231 779 3274 ¹a
796 3212 897 3270 Numa
915 3211 1014 3270 Pom-

58 3288 116 3369 pilio
126 3311 216 3354 annas
231 3291 330 3362 effet,
354 3292 419 3354 cito
433 3293 599 3375 apparuit,
621 3291 756 3374 legibus
765 3291 913 3353 universi
928 3289 1013 3353 bunc

58 3367 169 3433 ordinem
179 3393 319 3450 noncon
345 3393 458 3437 ruere:
480 3372 702 3458 futurumque,
724 3387 769 3444 ut,
793 3373 909 3456 quibus
922 3393 1015 3434 men-

59 3451 123 3513 sibus
137 3454 239 3516 broma
254 3454 306 3516 fni
334 3467 385 3530 et,
408 3453 526 3518 iisdem
568 3452 613 3516 ost
631 3473 734 3515 annos
749 3453 834 3518 baud
852 3453 1012 3539 plurimos

57 3533 135 3595 uellit
152 3538 224 3600 effet
241 3537 363 3599 sutura.
403 3539 507 3621 Igitur
552 3537 619 3610 ies,
653 3537 709 3620 qui
732 3535 771 3596 ad
793 3539 932 3597 solarem
955 3557 1011 3597 au·
1073 3571 1076 3581 ·

57 3631 110 3674 ann
124 3617 265 3694 deerant,
289 3619 392 3680 inseri
411 3616 580 3682 constituto
597 3617 660 3700 jam
677 3637 761 3679 anno
779 3619 934 3702 oportuit.

99 3721 143 3784 Vt.
170 3723 257 3789 Haec
282 3725 420 3787 insertio
445 3725 658 3786 totmanno
685 3723 863 3809 pellabatur
886 3744 926 3798 ex
947 3743 1006 3797 eo,
1033 3719 1173 3777 Brimo

57 3803 119 3943 gad
135 3827 209 3904 nova
229 3810 305 3870 luna
324 3807 490 3890 pontifex,
521 3749 729 3904 calata,·lroc
751 3803 795 3869 est
812 3819 944 3880 vocata,
972 3806 1008 3866 in
1219 3813 1221 3820 '

89 3889 214 3964 punitam
231 3890 347 3976 plebe,
369 3904 447 3974 qnot
465 3909 602 3972 numero
620 3888 698 3951 dies·
713 3889 753 3952 ad
768 3893 876 3953 Nonas
895 3906 1010 3970 super·

58 3983 358 4006 *w

78 4024 191 4110 capnt.
217 4032 296 4088 rtur.
313 4043 344 4114 ,αι
358 4029 484 4113 appias.
511 4025 630 4096 rnna,
648 4032 693 4088 ss.
713 4029 898 4112 sutonnq.
933 3997 1008 4108 cap.

55 4089 92 4172 ll·
114 4099 171 4179 bro.
194 4112 222 4154 et
242 4102 373 4174 Appiae.
402 4103 466 4182 cia
487 4099 524 4155 ad
540 4104 621 4155 Fam.
638 4101 715 4170 8,8.
743 4103 812 4154 Dro.
834 4108 864 4152 et
880 4099 1009 4168 Appian-

54 4159 499 4236 o10.cn.adt³am.8,s.1no.
535 4169 608 4243 (lap.
625 4171 661 4224 V.
687 4167 823 4228 Maerob.
842 4167 960 4224 Satura.
981 4187 1009 4242 t,

56 4228 84 4284 tt.
112 4234 172 4310 cap.
185 4239 234 4300 Vl.
253 4243 355 4308 Varro
370 4237 405 4296 de
420 4238 506 4316 bing.
519 4239 586 4324 bat,
604 4239 627 4298 1.
637 4241 666 4300 t.

1181 635 1190 652 ο

1161 684 1222 720 ΜΒ

1156 3346 1165 3399 ,Ι
