2610 4696
295 286 358 378 aaa
391 267 1274 367 ruerusn.sorrnnnuurononnnnxxnr.

150 525 202 563 ιο·
219 523 281 578 ¹7¹⁰·
295 529 336 594 ge
354 497 608 592 tamebplures,
632 525 729 588 quum
748 505 901 570 resistere
921 510 1098 595 nequirent
1117 525 1167 574 tot
1188 513 1273 588 malit,

152 616 161 634 ·
180 580 213 634 0·
228 583 273 646 4¹·
294 591 495 654 deditionem
511 589 676 651 lecerunt:
700 587 732 648 in
746 591 864 673 quibus
877 593 1030 654 triremes
1042 593 1139 656 suere
1152 607 1275 676 septen·

239 677 247 704 ¹
294 674 412 746 decim,
437 693 571 757 quarum
590 670 733 730 omnium
752 671 873 734 milites
892 673 931 735 ad
949 689 1186 736 sacramentum
1201 675 1275 736 Statii

295 778 331 819 ae
356 755 602 817 transtulerunt.
647 751 821 825 Calvinus,
849 775 948 849 quum
973 757 1051 821 olim
1075 757 1200 840 perille
1221 777 1276 819 cre-

294 839 449 980 deretpr,
479 856 552 899 eum
569 851 652 894 nave
672 836 797 898 suedie
817 849 928 922 quinte
945 837 1161 900 Brundisium
1182 859 1292 902 rerer·¹

296 941 388 984 suae
415 961 424 980 .
700 933 702 942 “

153 1049 281 1104 „affl
312 1089 316 1098 ,
355 1026 442 1090 XlV.
475 1024 578 1104 Hujus
601 1026 723 1109 proelii
741 1025 870 1090 nunciis
891 1025 931 1088 ad
948 1027 1119 1090 Caesarem
1141 1039 1176 1089 et
1193 1024 1279 1086 Anto·

106 1119 282 1174 saremerAn-
297 1107 386 1170 nium
404 1107 559 1192 perlatis,
581 1109 616 1168 in
637 1129 752 1194 magno
771 1110 889 1172 timore
906 1110 1130 1172 versabantur.
1175 1108 1278 1168 Alieno

107 1190 208 1242 tantum
222 1188 281 1242 ve!-
296 1194 369 1254 loce
380 1189 547 1252 'habebant
564 1187 679 1264 castra,
706 1211 812 1274 oeque
827 1207 943 1275 petere
960 1193 1058 1254 aliurn
1075 1206 1164 1264 tuto,
1187 1209 1279 1272 neque

105 1257 239 1312 ‘'um''
296 1273 429 1356 regredi
447 1273 478 1332 in
494 1271 615 1334 ltaliam
633 1287 800 1356 poterant:
823 1273 923 1346 nihil,
947 1288 1176 1358 praeterquam
1195 1273 1228 1333 in
1241 1293 1278 1330 ar·

276 1356 376 1428 mis,
411 1367 582 1438 supererat
610 1355 701 1438 spei:
737 1353 992 1439 festinabuntque
1024 1377 1064 1418 eo
1096 1357 1280 1424 decurrere,

319 1438 484 1520 riusquant
511 1435 591 1497 mari
619 1436 790 1521 adceptum
820 1436 1060 1499 incommodum
1090 1439 1143 1498 aui
1172 1437 1281 1520 pariter

234 1567 237 1574 ,
294 1459 466 1603 bostesque
483 1517 682 1600 eognollent.
719 1519 797 1592 Sed,
819 1518 886 1590 ubi,
909 1518 1023 1581 frustra
1039 1519 1200 1603 producta
1214 1518 1281 1590 acie,

268 1645 275 1656 .
295 1601 459 1687 proelium
477 1620 574 1684 saepe
594 1601 841 1684 quaesiverant,
865 1605 1073 1684 Brutusque,
1103 1601 1173 1663 suis
1193 1619 1230 1662 se
1246 1599 1284 1658 le·

297 1685 346 1748 cis
364 1697 492 1756 tenens,
515 1683 654 1744 arctiora
675 1684 724 1745 eis
742 1683 889 1780 quotidie
904 1683 1010 1745 omnia
1027 1681 1206 1754 efficiebat,
1229 1679 1283 1740 eol-

296 1765 360 1827 lem
381 1766 425 1826 ita
446 1765 652 1844 conjunctum
670 1765 764 1827 Callir
788 1763 917 1836 castris,
947 1779 982 1826 ut
1007 1766 1071 1827 tela
1095 1763 1173 1826 inde
1199 1762 1282 1840 adjici

296 1849 440 1932 pollent,
469 1859 568 1908 noetu
589 1861 728 1928 quatuor·
746 1847 931 1930 legionibus
951 1859 1169 1931 occuparunt,
1191 1843 1294 1924 muni-q

253 1995 256 2002 ,
296 1944 490 2012 veruntque.
514 1926 590 1990 inde
610 1929 649 1988 ad
668 1929 773 2011 pallus
788 1943 960 1992 sexcentos
978 1929 1051 1990 aliis
1068 1926 1178 1990 callria
1194 1926 1285 1988 collo·

298 2027 412 2074 earunt
428 2011 577 2094 legiones
592 2009 724 2084 decem,
747 2026 779 2074 et
795 2011 932 2074 ulterius
952 2010 1205 2093 quingentorum
1224 2029 1286 2092 pas·

299 2115 392 2156 suum
411 2093 583 2154 intervallo
601 2093 721 2154 iterum
738 2092 832 2158 duaa:
855 2106 890 2154 ut
908 2091 951 2153 ita
969 2092 1135 2175 paullatim
1154 2091 1194 2152 ad
1210 2108 1286 2150 mare

298 2188 528 2260 penetrarent,
561 2187 615 2246 et,
645 2175 715 2236 sive
737 2175 770 2235 in
792 2173 912 2244 litore,
944 2173 1014 2236 sire
1041 2193 1102 2257 per
1126 2172 1288 2258 paludem,

301 2258 604 2400 quomgdocumque
628 2255 747 2320 effecta
769 2257 844 2330 ria,
878 2268 1075 2319 commeatus
1098 2253 1289 2320 interclude·

300 2353 376 2402 rent
425 2355 500 2404 ruta.

130 2475 290 2544 Brururpu-
363 2465 436 2530 XV.
469 2469 590 2528 Brutus
618 2466 775 2530 adversus
800 2464 882 2530 baec
905 2479 974 2527 tum
997 2465 1058 2526 alia
1084 2461 1288 2524 moliebatur.

113 2559 199 2625 ΒΨ*
215 2543 273 2607 Μ·
301 2561 369 2611 tum
396 2539 521 2610 castella
543 2548 670 2611 idoneis
694 2550 776 2610 loeis
797 2548 980 2632 frequentia
1003 2545 1200 2630 opponebat.
1238 2541 1290 2602 sed

114 2626 181 2668 “¹¹⁸⁸
299 2651 369 2730 uon
394 2643 463 2727 erat
487 2631 778 2728 ilt'i.¹⁰i‘³”³bi¹i⁵
804 2631 887 2714 apud
911 2627 1030 2692 hostem
1055 2630 1173 2698 fames:
1208 2625 1290 2704 cujus

246 2747 254 2756 “
302 2727 477 2857 ¹⁰¹Pii¹ii¹⁸
495 2713 698 2856 lllltlll‘
710 2710 1293 2856 existimantibus

303 2815 463 2940 didanded
475 2876 516 2937 ad
531 2815 711 2938 exerciturb
729 2857 897 2946 delatura,
908 2817 1067 2960 quidquid
1083 2871 1209 2955 corripi
1218 2831 1291 2952 'pes-

307 2974 376 3022 set:
403 2973 528 3020 ceteras
549 2959 704 3020 continuo
725 2971 850 3099 paratas
871 2959 910 3019 ad
929 2959 1087 3042 proelium
1107 2955 1290 3016 babuerunt,

300 3041 512 3128 lquocumque
526 3041 654 3103 tandem
671 3061 723 3100 mo
749 3061 768 3100 o
781 3043 915 3102 Brutum
930 3039 969 3100 ad
984 3037 1220 3102 conserendum
1234 3056 1293 3093 rna-

308 3145 369 3187 nus
389 3123 576 3186 adtracturi.
619 3121 685 3184 Sed
704 3122 784 3182 nillil
806 3123 921 3183 melius
941 3123 1032 3184 cellit
1049 3121 1191 3190 libellis,
1219 3137 1294 3202 quos

309 3207 391 3269 clam
417 3207 450 3266 in
472 3203 568 3268 ealira
589 3205 683 3265 Bruti
705 3203 941 3282 jaculabantur,
973 3203 1115 3264 transire
1138 3201 1177 3262 ad
1200 3220 1232 3260 se
1249 3197 1294 3269 iu·

308 3290 425 3354 bentes
455 3289 655 3357 exereitum,
691 3283 890 3370 amplillimis
918 3286 1099 3384 propositis
1126 3281 1292 3368 praemiis;

310 3386 383 3442 aut,
414 3371 441 3432 si
465 3369 542 3454 quid
567 3370 725 3431 baberent
745 3369 881 3439 uirium,
913 3371 1016 3451 signas
1038 3368 1166 3430 collatis
1188 3366 1293 3424 ‹lecer-

309 3473 403 3516 nere.
445 3457 524 3515 Nam
546 3453 599 3514 his
617 3451 741 3512 artibus
761 3451 925 3513 sollicitati
945 3450 1090 3530 Deiotari
1109 3448 1173 3510 dux
1187 3449 1294 3524 Amyn-

310 3551 379 3609 tas,
404 3549 437 3598 et
450 3535 608 3597 Thraciae
627 3535 760 3616 regulus
778 3533 993 3616 Rhascupolis
1016 3529 1056 3593 ad
1073 3529 1179 3592 belles
1199 3543 1295 3588 trans·

311 3619 443 3680 ierunt:
474 3619 530 3680 alii
551 3617 770 3698 Rhascupolin
797 3615 908 3678 abiille
934 3615 1062 3676 domum
1090 3611 1293 3676 tradiderunt.

312 3705 358 3765 At
379 3705 517 3774 Brutus,
546 3699 610 3762 hoc
636 3719 712 3760 casu
738 3719 854 3782 aeger,
886 3699 1093 3782 pluriumque
1116 3705 1295 3776 suspectans

304 3814 307 3824 ·
338 3780 499 3850 eriidiam,
525 3783 564 3844 ad
583 3782 663 3844 haee
681 3781 817 3842 militum
837 3781 1106 3863 tribunorumque
1125 3771 1295 3860 frequenti·

311 3805 375 3928 bus
399 3865 543 3949 querelis
566 3865 605 3928 ad
624 3865 829 3950 pugnandum
847 3863 1017 3935 incitatus,
1040 3861 1202 4006 proelium
1218 3875 1295 3918 eenr-

312 3949 444 4011 mittere
469 3948 590 4025 statuit,
620 3949 705 4010 baud
732 3946 831 4010 dubie
859 3947 1015 4009 ducturus
1065 3945 1183 4014 ellum,
1214 3939 1240 4000 si
1259 3935 1294 3994 ds

341 4154 421 4238 pap.
437 4155 515 4238 lllV.
544 4152 614 4236 llio.
634 4155 712 4208 Plut.
731 4139 860 4221 Appias.
885 4143 955 4205 Dio.
974 4145 1105 4220 Appian-
1149 4143 1221 4215 Cap·
1236 4130 1289 4188 XV·

311 4223 381 4278 Dra.
399 4221 528 4300 Appiae.
548 4222 620 4280 Dru.
637 4225 717 4282 Plut.
