2588 4688
148 409 152 417 Ι
290 276 293 294 ’
333 315 394 379 208
419 311 621 380 aestuari.
638 295 1260 405 surenatrr'uroaounmnmx.

164 520 200 576 ὓ·
216 537 315 592 00707·
331 509 496 596 conlisus,
530 519 683 605 parcebat
707 499 871 580 'militibus
898 516 986 590 suia,
1022 515 1115 599 prius
1146 516 1281 582 existiman

164 591 310 660 ΗΜ·
334 607 495 676 futurum,
532 615 566 664 ut
595 597 731 684 frigoris
761 598 965 662 vehementia
993 595 1165 660 desisteret
1186 601 1278 662 Caesar

232 737 235 747 .
334 708 428 772 quam
445 691 568 768 Ategua
588 695 770 766 caperetur.
814 681 900 752 Sed,
922 679 1280 764 illopertinaciutiussau

331 783 385 843 te,
410 787 482 830 cum
503 766 650 830 exercitu
667 763 784 825 eodem
802 761 973 847 proiectus
992 759 1046 824 eli.

180 891 312 947 Eudemi
393 891 508 955 XLIV.
536 889 636 952 Multa
660 889 748 955 forte
771 887 895 950 callella
920 887 954 948 in
981 885 1154 950 adveutum
1178 887 1238 966 ejus
1254 909 1281 950 ex

153 959 294 1044 Poupojas
331 971 488 1037 struxerat
513 971 650 1044 Caesar,
686 983 723 1032 ut
747 990 765 1032 e
790 971 889 1032 uitum
914 969 1125 1054 peditumque
1151 970 1281 1054 praesidii

87 1091 89 1098 ·
152 1043 235 1086 ‘'m‘’
281 1121 284 1126 ,
332 1054 517 1122 venientem
540 1067 679 1114 arceret.
722 991 789 1114 Sed
810 1052 898 1116 forte
918 1051 1054 1124 accidit,
1082 1065 1135 1124 ut,
1159 1072 1218 1136 quo
1236 1067 1281 1112 teu

329 1155 414 1221 porc
432 1133 606 1222 Pompejus
630 1133 777 1208 reniret,
810 1133 868 1194 sub
892 1147 998 1194 ortum
1019 1131 1086 1194 diei
1103 1133 1281 1196 nebularia

332 1217 449 1282 siliima
472 1216 598 1280 coelum
618 1229 756 1300 tegeret.
795 1215 897 1298 igitur
917 1235 956 1276 eo
975 1215 1104 1276 facilius
1123 1229 1157 1278 et
1175 1217 1281 1299 perrui

331 1299 478 1362 Caesaris
501 1298 680 1382 praesidia,
712 1291 889 1359 et'multos
915 1296 985 1377 ejus
1014 1317 1031 1357 e
1056 1295 1142 1358 uites
1169 1239 1281 1358 concidit

329 1380 494 1466 Legiones
509 1379 640 1441 omnino
652 1379 791 1442 habebat
802 1372 979 1440 tredecim:
1003 1317 1078 1451 sed,
1100 1379 1215 1462 quibus
1227 1399 1281 1461 prat

230 1525 237 1534 ,
331 1467 426 1547 cipue
445 1459 642 1536 confideret,
671 1459 758 1540 duae,
772 1474 864 1524 erant
881 1461 1091 1536 vernaculae,
1138 1481 1196 1521 uae
1211 1465 1281 1520 alla

327 1545 428 1606 bonio
446 1542 706 1628 transfugerant3
730 1565 791 1605 una
813 1543 896 1604 sacta
917 1563 955 1605 ex
969 1541 1111 1626 'coloniis
1164 1543 1281 1637 ispaniae

328 1649 390 1688 nna
413 1625 587 1688 Afraniana
610 1645 650 1687 ex
665 1623 797 1698 Africa,
829 1645 922 1708 quam
945 1645 1054 1686 seeum
1074 1625 1242 1709 PompaJus
1257 1623 1281 1682 ad

329 1709 475 1770 duxerat.
514 1707 661 1792 reliquae
691 1705 874 1768 constabant
900 1727 941 1768 ex
966 1705 1135 1790 fugitivis,
1168 1727 1207 1768 ne
1230 1707 1280 1790 ipsa

330 1789 460 1874 quidem
479 1789 574 1872 plane
595 1789 869 1860 contemnendae,
899 1811 996 1874 quum
1015 1801 1164 1870 quartum
1185 1787 1238 1866 jam
1257 1809 1281 1846 an

329 1893 405 1932 uum
425 1872 574 1956 plerique
594 1869 725 1932 luilleut
745 1870 779 1932 in
795 1871 893 1932 armis
911 1869 1057 1943 exerciti,
1080 1867 1280 1954 projectamqu

329 1953 498 2016 adferrent
522 1953 561 2013 ad
584 1951 711 2036 proelia
732 1951 907 2014 audaciam.

158 2063 320 2122 laroma
391 2059 491 2124 XLV.
514 2063 627 2143 Neque
645 2071 749 2121 tamen
768 2081 863 2123 ausus
882 2057 926 2120 stt
942 2057 1089 2122 subsidio
1106 2059 1217 2122 venire
1231 2057 1281 2118 suis

141 2139 309 2208 firmem·
330 2156 472 2226 tantum,
501 2141 575 2224 quia
594 2140 677 2202 duce
694 2161 807 2204 carere
823 2147 1028 2225 Ateguenses
1046 2151 1251 2226 cognoverat,
1269 2141 1281 2220 l

331 2221 509 2285 Munatium
526 2223 676 2284 Flaccum
697 2224 795 2286 misit.
839 2227 880 2296 la,
905 2243 939 2284 ee
957 2224 1156 2285 Julianarum
1172 2221 1281 2317 partiuq

334 2319 368 2366 et
389 2305 512 2366 tribuni
539 2305 789 2366 cornicularium
816 2305 881 2368 elie
907 2305 1077 2377 simulans,
1109 2319 1209 2367 noctu
1230 2303 1280 2363 solu

333 2387 451 2469 vigiles
469 2385 623 2469 quosdam
638 2385 736 2460 adiit,
759 2401 916 2472 tamquam
936 2386 1045 2448 millus
1063 2386 1103 2448 ad
1117 2388 1280 2448 circumeat

335 2467 391 2530 das
411 2468 577 2530 excubias:
607 2491 624 2528 a
644 2467 760 2552 quibus
783 2483 914 2565 accepta
934 2468 1067 2541 tell'era,
1090 2468 1173 2537 alios
1193 2467 1280 2544 sallent

333 2550 415 2610 alios
439 2549 581 2621 evitans,
607 2571 625 2609 a
643 2548 811 2634 postremis
832 2566 929 2612 ettam
947 2549 1122 2622 deductus,
1147 2549 1254 2633 quibus

331 2631 456 2692 milium
471 2632 637 2693 aCaosare
654 2630 694 2692 ad
711 2631 934 2717 recipiendum
954 2651 1014 2714 per
1027 2631 1241 2715 proditionem
1254 2569 1280 2710 oi

332 2713 443 2809 piduin
464 2726 690 2796 persuaserat,
720 2733 781 2798 per
799 2714 921 2775 medias
946 2712 1015 2794 ejus
1038 2713 1148 2796 copias
1164 2717 1279 2794 Ategua

291 2865 294 2872 1
333 2795 493 2877 ingrellus
510 2791 564 2855 est.
606 2795 792 2878 Pompeius,
815 2795 959 2856 incensis
976 2807 1071 2856 nocte
1090 2791 1211 2867 castris,
1231 2795 1279 2853 inte

333 2877 469 2938 Ucubim
485 2889 517 2938 et
529 2877 684 2959 Ateguam
701 2877 735 2936 in
750 2879 912 2939 montibus
928 2876 1093 2938 consedit:
1115 2895 1201 2948 mox,
1222 2876 1279 2940 etiat

333 2957 385 3020 his
406 2957 550 3018 incensis
570 2955 697 3030 castris,
721 2959 901 3020 Cordubam
921 2957 1062 3020 intendit
1079 2958 1154 3018 iter.
1192 2961 1279 3051 lntctq

334 3059 431 3122 quum
447 3039 487 3099 ad
504 3040 672 3100 Caesarem
684 3039 860 3122 Arguetius
876 3041 930 3119 (an
942 3037 1139 3118 Aruntius‘i)
1153 3051 1185 3099 et
1196 3043 1278 3120 Asprt

331 3139 391 3181 naa
410 3120 581 3194 venillent,
609 3139 746 3204 quorum
768 3121 825 3181 ille
850 3123 941 3204 signa
968 3121 1110 3205 quinque
1133 3119 1278 3202 Saguntini

231 3232 234 3240 »
332 3201 441 3264 obiter
458 3201 604 3284 adempta
621 3202 794 3273 retulerat,
815 3203 946 3285 longius
968 3201 1097 3285 evagari
1115 3202 1278 3264 Caesarist

356 3285 440 3346 uites
468 3297 665 3367 coeperunt,
696 3297 729 3345 et
751 3303 828 3357 eos,
861 3285 917 3369 qui
941 3297 1136 3348 commeatus
1158 3281 1199 3345 ad
1219 3279 1278 3346 caiti

331 3303 481 3450 dompejl
499 3365 674 3437 vehebant,
698 3366 860 3448 excipere.

172 3481 304 3554 Ejusdem
393 3473 508 3538 xcvl.
532 3471 616 3547 Sed,
640 3472 695 3556 qui
712 3473 745 3534 in
761 3471 928 3556 praesidio
943 3471 1087 3556 Ateguae
1103 3483 1206 3546 erant,
1225 3469 1277 3566 lert

152 3552 303 3674 (ruitum
332 3555 417 3620 citer
434 3553 672 3651 repugnabant,
692 3574 758 3652 npn
777 3555 867 3652 ferro
884 3567 1016 3626 tantum,
1039 3552 1097 3616 sed
1116 3554 1212 3616 etiam
1227 3569 1277 3634 tgn

112 3659 115 3668 ⁴
153 3637 185 3677 Μ
220 3635 394 3727 “em-per
413 3658 519 3700 omnia
539 3637 853 3719 ingemamrttendt,
876 3657 911 3698 ae
931 3649 1076 3697 tuentes:
1109 3635 1213 3697 donec
1234 3651 1277 3695 sen

152 3707 205 3744 “⁸⁶
333 3741 395 3804 per
412 3739 484 3782 curu
500 3717 617 3780 damno
636 3717 761 3802 repulsi
780 3719 860 3779 iram
880 3731 1047 3782 verterunt
1062 3719 1097 3779 in
1116 3717 1277 3800 oppidano!

331 3803 389 3888 qui
406 3803 538 3894 Caesari
557 3801 669 3864 farere
688 3799 922 3881 credebantur3
948 3817 1011 3863 nec
1030 3799 1121 3884 ipsos
1142 3797 1237 3941 modp
1255 3816 1276 3857 o

492 3913 494 3921 ’
536 3911 540 3925 ·
1184 3901 1216 3944 ct
1238 3899 1268 3940 e·

338 4007 673 4032 μιι-ι--ι-ι--ι-

365 4071 439 4154 (ἶεη)Ξ
455 4071 555 4127 XLIV.
577 4071 705 4144 Appiae.
742 4049 815 4147 Gap.
830 4072 917 4129 XLV.
937 4071 1005 4128 Dio.
1025 4070 1158 4127 Frontin.
1180 4073 1276 4151 Strati

332 4145 473 4268 unu
487 4138 643 4284 tritu
1005 4140 1074 4250 r·
1181 4161 1216 4214 .‚
1232 4159 1255 4198 ²·
