2658 4686
339 281 398 401 tto
428 280 1284 410 ‘fantasiasurraairuuaonuuumectat.

353 467 524 480 —n———oo-n

181 533 515 622 'laudationibus
536 539 644 603 hulliia
662 542 758 616 iacit,
783 563 867 606 novo
888 541 926 601 ad
955 540 1035 600 haee
1047 557 1148 620 usqne
1167 550 1302 614 tempora

174 602 254 660 Μ·
268 620 311 674 ¹9·
342 623 476 684 honore.
518 627 629 704 Magna
646 645 703 705 per
719 645 775 686 eos
788 626 861 686 alies
875 623 1016 684 omnium
1030 619 1178 680 ordinum
1196 618 1305 706 laetitia

239 755 242 768 .
342 704 415 774 init,
427 719 514 764 aucta
528 704 718 766 liberalitate
729 705 886 772 Caesaris,
902 703 954 763 oui
968 715 1032 762 tum
1044 719 1133 782 parea
1147 697 1303 760 animodi·

289 849 293 866 ¹
342 786 440 848 vitiae
457 785 648 864 obtigerant.
690 789 779 868 Ergo
795 781 944 846 munilice
960 781 1091 844 donarit
1108 781 1209 842 dueea
1228 797 1304 870 aaut,

303 889 307 900 ’
342 881 395 937 et,
418 880 451 928 ut
466 867 579 926 aulitua
600 877 686 942 erat,
710 866 921 936 collaudavit,
943 863 1186 945 honoribusque
1205 877 1305 938 exqui-

341 947 411 1008 sitia
430 945 565 1022 extulit3
589 948 763 1030 Agrippam
784 948 846 1010 hoe
868 945 1005 1015 eximio,
1026 943 1111 1028 quod
1134 940 1306 1033 merul-eun

339 1029 370 1088 oi
388 1027 539 1088 vexillum
556 1025 642 1088 alono
663 1027 762 1098 dedit,
780 1028 899 1090 naualia
915 1027 1070 1087 victoriae
1089 1023 1303 1085 testimouium.

338 1115 405 1172 ltro
431 1108 587 1168 militibus
606 1109 702 1170 modo
719 1109 830 1170 divisit
852 1107 1029 1191 pecuniam,
1052 1105 1108 1166 aed
1133 1103 1297 1185 etpopulo

338 1204 483 1248 nummos
509 1189 744 1272 quadringenos
774 1211 812 1251 ex
839 1190 996 1250 bellorum
1025 1186 1186 1246 manubiis
1208 1185 1303 1246 dedit:

338 1270 454 1330 atlultia
476 1271 631 1350 primum,
664 1269 781 1336 deindo
810 1285 842 1332 et
856 1271 968 1366 pueris
988 1267 1136 1330 Marcelli
1162 1269 1302 1340 nomine,

322 1369 452 1434 quem,
478 1365 591 1411 aurore
614 1371 668 1412 aua
693 1365 821 1424 natum,
846 1371 873 1410 ar
893 1351 998 1410 nulloa
1018 1349 1089 1430 ipae
1106 1345 1199 1406 iilioa
1213 1351 1302 1408 ausui.

278 1471 285 1482 -
338 1443 442 1512 petet,
463 1429 522 1508 jam
547 1443 613 1492 tum
635 1433 673 1491 atl
691 1434 823 1514 gratiam
847 1431 965 1492 civium
993 1429 1205 1514 producebat.
1243 1435 1303 1490 llu-

338 1508 469 1593 nioipiia
491 1511 596 1584 etiam,
629 1511 687 1574 aed
709 1527 740 1574 et
787 1511 1035 1581 rorineialibua,
1066 1529 1206 1593 quorum
1226 1511 1256 1570 in
1276 1533 1302 1570 a·

339 1611 416 1674 grou
434 1589 588 1654 deductae
609 1613 712 1676 nuper
728 1537 875 1655 coloniae
895 1607 1005 1662 erant,
1028 1591 1194 1673 ingentem
1217 1611 1302 1673 pera-

338 1673 423 1732 niam
443 1675 640 1734 numeravit:
662 1675 749 1757 quod
765 1674 913 1757 equidem
931 1673 1033 1732 aulum
1049 1686 1081 1733 et
1095 1691 1197 1731 unum
1213 1673 1302 1732 omui-

338 1773 390 1812 unt
418 1753 547 1824 facille,
587 1755 618 1814 ui
637 1753 851 1824 deduxillent,
873 1753 958 1814 baud
981 1753 1063 1814 lalao
1084 1753 1242 1834 gloriatur
1256 1752 1300 1812 alt

339 1833 401 1894 His
428 1834 467 1894 de
494 1777 625 1905 uauiila,
659 1857 690 1896 et
714 1837 788 1918 quia
814 1854 873 1897 neu
897 1835 966 1895 auri
995 1833 1159 1894 coronarii
1180 1835 1300 1892 ⁴rtontiae

340 1913 513 1996 quidquam
546 1915 727 1998 adoipiebat
756 1917 920 1984 abitalia,
956 1916 1033 1997 quin
1066 1928 1098 1975 et
1128 1935 1187 1976 aua
1208 1914 1301 1974 debiti

222 2023 225 2039 ·
338 1994 501 2074 reddent,
525 2017 603 2079 quae
635 1997 697 2057 aibi
720 1995 821 2058 adhue
846 2017 884 2058 ex
901 1996 1051 2078 imposito
1074 1994 1202 2056 tributo
1217 1996 1301 2056 debe·

340 2075 477 2149 bantur,
515 2079 715 2148 remittebat,
746 2081 993 2160 praeteritorum
1016 2079 1174 2138 malorum
1194 2077 1300 2137 oblitio

341 2157 427 2236 eupit
452 2179 580 2236 omnea;
618 2157 835 2256 triumphique
859 2158 944 2237 ejus,
974 2171 1133 2252 tamquam
1158 2157 1199 2219 de
1221 2177 1298 2242 pera-

341 2239 443 2320 grinis
463 2239 677 2314 ducerentur,
698 2241 845 2304 hilariter
863 2239 1007 2324 apeotati.

214 1019 223 1058 l

177 2391 328 2446 pruma,
401 2371 556 2430 Lllilllll.
579 2373 662 2431 Trea
687 2383 790 2432 autem
814 2369 918 2432 tribua
942 2370 1103 2431 continuis
1125 2369 1239 2432 diebus
1254 2369 1305 2428 du-

49 2549 53 2560 ·
143 2451 686 2592 uttttffltittl³¹t³ltthi
701 2451 1300 2594 illilffltltqttltttlttltt·

174 2633 178 2647 ·
341 2631 403 2694 que
424 2573 654 2673 (iermanorum
670 2631 712 2693 po
737 2613 808 2684 ulia,
823 2572 910 2706 ’quoa
931 2554 1084 2696 alrapioiia
1103 2613 1176 2694 ejus
1192 2615 1301 2678 otu.

146 2717 154 2749 ι
305 2681 313 2710 ’
341 2693 427 2753 rinae
445 2693 574 2754 vicerat.
606 2633 763 2754 Postridie
780 2693 928 2753 Autrauua
942 2695 1121 2777 triumphus
1137 2710 1235 2756 aetas.
1248 2716 1300 2776 quo

340 2773 512 2844 Tiberius,
536 2774 644 2834 Liviae
665 2771 751 2834 filius
769 2772 829 2852 jam
844 2773 1043 2855 pubeaoeua,
1066 2794 1197 2836 currum
1217 2779 1301 2837 aorni-

340 2867 423 2914 tatua
450 2853 492 2914 all
518 2856 723 2916 sinisteriore
747 2853 847 2915 funali
870 2873 972 2934 equ03
1003 2875 1097 2938 quum
1123 2857 1297 2926 Marcellus,

341 2933 473 2996 Octavia
508 2951 618 3008 natus,
651 2935 836 2996 dexteriore
869 2935 1054 2997 veheretur.
1106 2939 1219 2998 Tertia
1242 2937 1317 3020 diet¹

340 3015 585 3078 Alexandrinam
605 3029 637 3077 et
655 3015 841 3100 Aegyptiam
868 3035 1015 3098 pompam
1036 3017 1134 3090 vidit,
1166 3021 1317 3100 priorra,l

340 3096 419 3158 licet
436 3097 702 3181 sumptuoaill'rme
720 3093 893 3168 iuliruotaa,
907 3097 1109 3180 adparatuarn
1125 3100 1264 3182 impensa
1275 3113 1316 3160 eti

342 3176 580 3260 pulchritudine
600 3192 813 3258 superantem.
856 3179 943 3240 luter
966 3177 1060 3256 bajus
1079 3181 1202 3242 fereula
1221 3183 1300 3242 Cleo·

342 3269 451 3340 patrae
470 3280 599 3342 quoque
616 3261 720 3342 imago
743 3259 775 3318 in
792 3261 875 3320 lecto
896 3259 934 3318 ad
955 3259 1197 3322 aimilitudinem
1216 3263 1316 3322 mori-l

344 3339 428 3399 entis
450 3341 597 3402 translata
613 3338 675 3400 eli:
703 3339 852 3423 ductique
871 3339 967 3402 liberi
991 3339 1059 3421 ejus
1083 3343 1260 3404 Alexander
1274 3355 1301 3402 et

215 3435 237 3452 '·
344 3419 532 3504 Cleopatra,
564 3423 680 3508 quibus
701 3421 786 3482 Solia
803 3439 839 3481 ae
856 3422 964 3482 Lunae
980 3424 1106 3483 uomina
1122 3423 1281 3486 indiderat.

183 3546 216 3630 ¹3
227 3559 323 3618 mre
401 3551 572 3611 Llllllllll.
594 3553 655 3613 Hia
677 3553 710 3612 in
727 3552 897 3636 triumphis
913 3552 993 3614 nihil
1010 3573 1049 3614 ex
1069 3555 1200 3637 antiquo
1217 3569 1301 3615 muta-

161 3613 408 3738 :mammam
425 3631 627 3730 adnotatum·
642 3633 707 3694 uiai
726 3633 812 3716 qaod
829 3653 867 3694 ex
891 3649 1016 3716 nupero
1035 3634 1164 3696 decreto
1184 3655 1296 3696 currum

247 3717 258 3739 ⁶
342 3725 470 3794 aequata
486 3727 560 3774 aunt
578 3735 715 3796 primurn
729 3728 905 3790 aenatorea,
927 3727 1082 3798 quotquot
1096 3736 1136 3778 eo
1154 3719 1238 3778 bello
1252 3737 1302 3776 ua·

345 3832 678 3854 m
722 3827 724 3836 Ι

336 3945 342 3958 .
381 3901 453 3970 (lap.
467 3901 590 3956 LXXXI.
608 3901 730 3958 Sueton.
746 3903 820 3976 Aug.
832 3903 874 3959 aa.
885 3905 965 3960 etet.
983 3905 1050 3962 Diu.
1068 3909 1137 3961 Tae.
1154 3907 1229 3961 Διιιι.
1244 3906 1296 3972 ql·

347 3971 451 4026 Seneu.
467 3969 583 4023 Consul.
601 3969 637 4027 ad
651 3975 741 4026 Mare.
758 3991 818 4026 om.
838 3973 913 4028 Vell.
927 3975 1005 4038 ¹23⁹·
1026 3975 1108 4046 Lapis
1119 3976 1226 4044 Aneyr.
1240 3973 1293 4028 uta.

346 4037 572 4120 ⁰91²·lixffll·
596 4034 716 4093 Suetuu.
729 4041 803 4112 Aug.
819 4061 862 4098 aa.
885 4041 954 4096 Dio.
980 4043 1064 4096 Orat.
1081 4047 1106 4108 6,
1120 4061 1167 4120 ιο.
1193 4043 1253 4122 Lir.
1265 4043 1294 4093 li·

369 4115 400 4186 rt.
417 4111 501 4176 Virg.
518 4109 589 4160 han.
601 4108 629 4160 8.
643 4110 740 4180 mpii·
752 4107 971 4180 Appiamlllyr.
983 4111 1056 4190 .⁰l⁰·
1074 4111 1197 4169 Sueten.
1208 4111 1294 4168 Tib-l·

376 4192 416 4232 ιο.
433 4174 539 4230 Eusub.
554 4174 663 4232 Chrou.
699 4177 772 4249 Cap.
787 4177 938 4245 axxxttl,
953 4179 1022 4238 Dio.
