2596 4686
884 41 903 76 s
955 90 957 96 ,

335 312 377 392 at
424 299 628 368 mutuam
641 283 1061 366 amrumuroncn
1071 295 1146 360 uis.
1155 279 1288 360 cxxvi

794 417 1288 454 -.-.----.---a

9 587 10 594 ἵ
141 509 200 567 ²⁰·
219 524 245 565 θ·
261 512 321 579 704·
337 527 419 584 tem,
441 505 569 574 strenue
592 491 804 591 inaequitas,
826 505 991 594 postquam
1004 507 1143 592 adipisci
1162 509 1252 591 polle
1268 493 1286 570 't

119 663 121 668 ,
163 583 198 642 Α·
217 581 252 640 0·
265 581 310 651 4⁸·
336 593 499 680 speravit,
528 590 568 652 ad
583 591 775 675 Scipionem⁴
790 611 971 675 properare
988 591 1115 686 coepit,
1143 594 1177 652 ei
1197 523 1288 676 timeri

274 692 284 756 ,’
334 695 378 739 ne
396 675 436 736 ad
448 676 587 738 Caesare
607 671 860 758 opprimeretur.
902 674 993 738 Haec
1010 692 1097 734 emm
1116 672 1225 734 ferme
1244 681 1288 738 sut

331 777 384 819 ma
408 756 539 820 consilii
564 753 712 838 utrisque
738 767 824 827 eret,
854 767 890 815 ut
909 756 1046 828 Caesar,
1077 756 1110 816 ‘si
1131 773 1282 838 sequeret

330 837 525 923 Pompeius,
556 836 767 920 aequioribus
784 835 870 898 locis
889 837 1010 900 bellum
1030 835 1177 921 gesturus
1198 838 1285 899 vider

132 995 134 1002 y
207 985 211 1008 ‚
330 935 405 1000 tur;
437 920 487 982 ain
506 939 587 982 vcro
604 920 839 981 transmitteret
853 918 891 979 in
910 921 1050 991 ltaliam,
1072 919 1192 982 eodem
1210 941 1269 1003 per

193 1055 198 1073 ,
330 1003 468 1084 lyricum
491 999 710 1073 contendere,
732 997 910 1084 postremo,
933 1001 1085 1064 omnihus
1109 1002 1193 1064 locis
1220 1004 1283 1064 exel

234 1147 238 1154 ,
332 1103 407 1158 sus,
426 1083 625 1155 exercitum,
648 1103 744 1166 quem
763 1082 875 1168 Scipio
893 1103 999 1168 nuper
1016 1083 1215 1156 adduxerat,
1237 1079 1288 1154 chi

330 1165 440 1228 dendo
463 1164 631 1228 retrahere
647 1163 838 1248 Pompeium
857 1165 947 1250 polle
966 1175 1106 1252 putaret.
1150 1161 1288 1252 Pompeii

290 1301 293 1313 .
331 1247 503 1324 similiter,
526 1247 597 1310 sive
612 1246 799 1330 Scipionem
818 1247 955 1332 aggredi
967 1249 1087 1312 Caesar
1103 1245 1266 1320 ssatuillet,

322 1330 484 1391 ,auxilium
504 1326 687 1406 festinabat3
710 1331 782 1390 sive
824 1343 937 1414 repter
952 1331 1083 1414 copias,
1107 1350 1192 1412 quae
1210 1329 1248 1392 ab
1264 1335 1285 1392 lt

330 1409 375 1472 lia
389 1411 679 1496 exspectabantur,
707 1353 936 1498 diaceierefab
957 1432 1016 1474 ora
1031 1413 1193 1474 maritima
1213 1413 1274 1474 noll

297 1505 306 1512 ·
330 1492 550 1560 Domitianum
571 1493 749 1554 exercitum
768 1491 872 1556 deleri
891 1494 980 1578 polle
998 1494 1143 1556 rebatur.

38 1575 50 1612 ¹¹
158 1615 320 1684 Mum.
393 1591 478 1654 Ltv.
501 1589 607 1685 Quum
620 1590 750 1685 Caesari
766 1579 944 1681 necell'ario
958 1591 1051 1677 prius
1065 1589 1213 1652 adeunda
1224 1591 1269 1672 Ap

143 1671 420 1758 ‚patrumm-lenta
439 1673 538 1746 ellet,
568 1686 604 1734 ut
625 1691 751 1733 saucios
772 1673 970 1756 deponeret,
1001 1671 1195 1756 stipendium
1215 1673 1277 1732 mili

29 1773 32 1786 ¹
141 1756 269 1812 ricuino.
330 1755 393 1818 bus
412 1753 520 1826 daret,
542 1755 739 1846 animosque(
751 1756 915 1816 sociorum
934 1755 1078 1840 alloquio
1098 1767 1131 1818 et
1148 1751 1286 1838 praesidi

317 1835 416 1898 -datis
442 1834 607 1916 firmaret3
640 1836 835 1918 Pompeius,
867 1836 1019 1919 expedito
1046 1857 1106 1919 per
1130 1837 1285 1898 Candavia

329 1917 468 1994 itinere,
513 1918 583 1979 rior
598 1917 631 1978 in
646 1915 867 1978 Macedoniam
885 1919 985 1981 venit.
1027 1919 1077 1980 lbi
1093 1919 1249 1990 Fortuna,
1268 1911 1288 1990 tl

330 2007 469 2087 quatuor
486 1941 638 2060 horarum
657 1999 854 2082 interposito
872 1999 994 2095 spatio,
1017 2001 1198 2062 Domitium
1216 2013 1280 2061 eto

284 2078 288 2096 ¹
328 2080 408 2163 jecit
425 2082 562 2144 maximo
579 2079 780 2152 discrimini,
803 2095 836 2144 et
849 2082 982 2165 eripuit.
1024 2086 1158 2165 Ignarus
1178 2083 1272 2144 illeo

324 2165 436 2238 nium,
458 2163 596 2248 (quippe
613 2163 697 2224 milli
714 2163 753 2224 ab
774 2164 830 2224 illo
850 2162 889 2225 ad
903 2165 1084 2238 Caesarem,
1106 2178 1160 2225 ant
1177 2165 1218 2224 ad
1234 2165 1285 2224 illu

327 2265 348 2308 a
360 2245 509 2318 Caesare,
557 2260 671 2329 ropter
685 2241 796 2308 infesta
811 2245 927 2306 itinera
941 2259 1114 2340 penetrare
1128 2245 1267 2328 nequiba

328 2345 429 2468 puum
469 2347 506 2388 er
522 2267 647 2410 aiiquot
664 2325 736 2388 dies
751 2325 851 2389 ‘castra
867 2326 975 2388 callrts
987 2327 1155 2411 Scipionis
1171 2327 1285 2411 opposi

276 2447 277 2450 =
354 2406 428 2468 abui
455 2423 504 2480 et,
526 2407 578 2468 rei
596 2408 827 2470 frumentariae
846 2408 949 2472 caulis
967 2408 1174 2472 diacefferat=
1205 2423 1239 2472 et
1257 2423 1285 2468 tu

330 2487 372 2550 ad
388 2489 581 2550 Heracleam
598 2489 772 2562 Sinticam,
798 2511 879 2574 quae
902 2487 946 2551 att
967 2490 1110 2573 apbjecta
1128 2490 1288 2572 Candavia

329 2571 397 2632 iter
410 2569 551 2643 habens,
573 2571 607 2632 in
621 2570 726 2655 ipsum
738 2573 928 2656 Pompeium
943 2571 1122 2651 incidill'et3
1144 2572 1222 2642 nisi,
1238 2571 1288 2656 qu*

330 2671 439 2737 neque
449 2651 949 2737 auadiligentiacognoacereme
974 2653 1286 2737 uedoceriasuispa

158 2740 319 2812 ternpore·
331 2733 419 2796 tibus
429 2747 590 2817 potuerat,
602 2731 734 2796 hostium
744 2735 906 2800 beneflcio
916 2675 1090 2798 didicisset.
1112 2736 1288 2818 Allobroga

143 2809 279 2880 “uiui-1
332 2817 389 2902 qui
415 2835 489 2879 cum
507 2817 654 2890 lloscillo
679 2831 712 2880 et
732 2819 825 2901 Aege
845 2839 951 2902 nuper
975 2817 1237 2902 transfugerant,
1269 2839 1284 2876 r

329 2898 436 2982 pertis
456 2899 619 2982 perviam
638 2899 899 2996 exploratoribus
917 2901 1071 2974 Domitii,
1096 2901 1165 2961 sive
1186 2911 1284 2984 propt

329 2992 477 3043 veterem
496 2979 892 3064 cousuetudinem,'quod
909 2983 943 3043 in
960 2981 1064 3045 Gallia
1082 3001 1144 3042 una
1161 2982 1283 3044 militat

329 3074 416 3134 rant,
437 3062 508 3125 sive
528 3061 633 3144 gloria
652 3063 739 3137 elati,
762 3063 869 3126 omnia
886 3076 1167 3148 exprompserunt.
1199 3066 1248 3126 lta
1267 3061 1283 3122 d

330 3140 418 3206 flexo
440 3144 560 3206 itincre
580 3143 761 3216 Domitius,
784 3165 848 3228 qua
866 3146 1037 3208 Caesarem
1056 3145 1172 3208 venire
1189 3145 1288 3218 audit'

241 3299 242 3303 Ἰ
328 3239 400 3298 rat,
428 3224 609 3308 vitatitqce
625 3224 834 3310 Pompeium,
864 3239 898 3289 et
916 3228 957 3290 ad
974 3227 1149 3313 Aeginium
1170 3249 1245 3291 cum
1262 3161 1288 3292 ii

209 3322 247 3344 κ’
328 3318 484 3393 peratore
506 3325 566 3368 suo
584 3305 774 3387 conjunctus
792 3303 847 3369 eli.

390 3401 460 3468 tv.
490 3403 562 3471 Jam
587 3423 791 3488 quocumque
815 3407 934 3468 Gaeaar
960 3405 1092 3481 adiret,
1116 3404 1249 3491 proelio
1287 3413 1288 3446 l

328 3483 628 3566 Dyrrhachinorum
650 3486 733 3548 fama
753 3502 992 3574 praecurrerat.
1029 3489 1132 3572 igitur
1152 3425 1288 3570 Gompni

248 3653 249 3656 Ἴ
329 3567 493 3642 venienti,
525 3565 612 3652 quod
630 3568 769 3666 primum
794 3567 837 3630 eli
860 3585 972 3632 eontra
989 3571 1124 3654 Epirum
1143 3568 1288 3662 'l'hess'alil

329 3631 1288 3818 stritusrtet,artatatttttratrrrttl

330 3809 495 3887 celerandi
521 3813 633 3876 cauffa.
677 3813 743 3876 Sed
758 3817 877 3878 Caesar
897 3815 1031 3878 edoctos
1052 3815 1192 3887 milites,
1223 3801 1288 3897 quai

327 3905 396 3954 tum
414 3895 453 3954 ad
472 3895 586 3957 samam
602 3895 887 3983 necessitatemque
925 3909 1108 3960 raesentem
1125 3915 1163 3957 ea
1180 3915 1234 3956 res
1245 3897 1288 3978 pel

329 3975 468 4048 tineret,
500 3977 735 4050 isteaccendit,
767 3994 822 4052 ut,
855 3919 923 4064 poi
943 3979 1055 4042 horam
1077 3997 1195 4038 nonam
1218 3995 1288 4060 oppt

330 4057 482 4140 gnatione
497 4074 629 4144 coepta,
652 4073 726 4122 ante
744 4075 872 4126 noctem
893 4063 967 4126 loco
983 4059 1183 4148 potirentur.
1215 4058 1286 4142 Quu

330 4157 666 4178 *αι-...ιιι-

365 4199 436 4274 Cap.
450 4196 512 4259 tv.
532 4199 614 4256 Fler.
633 4196 704 4257 Dio.
727 4279 731 4287 Ι
812 4249 814 4256 .
