2598 4692
23 2768 27 2778 ‚
144 2713 283 2777 abrogans

322 311 383 386 340
412 299 1046 370 minensofl’nnnfflnronun
1058 299 1273 368 larmlaffll.

153 523 189 646 Η.
207 538 233 646 ιδ
248 537 311 645 nop-
327 513 430 586 saris,
453 513 561 597 legem
579 511 655 574 tulit
674 511 716 573 de
733 509 919 606 puaellione
935 510 1083 574 habenda
1100 510 1134 573 in
1148 531 1210 610 eos,
1229 534 1283 596 qao

181 627 190 645 ‘
233 595 899 761 '⁴'5533:littelillttttztlt?
908 637 917 655 '
942 613 1037 680 ΨΜ
1053 593 1095 657 ‘¹⁰
1110 595 1283 657 ¹¹⁰²⁰¹¹¹²⁰⁰l

154 818 206 884 Qut
219 833 307 870 onnes
388 809 444 874 lV.
466 809 536 871 Hae
556 805 706 906 pollulati
724 822 799 870 sunt
817 829 882 870 non
902 807 1108 893 perouss'ores
1128 808 1232 883 morlo,
1250 811 1283 872 sei

137 885 313 967 ‘ltmmturp
327 901 360 952 et
380 892 436 976 qui
455 890 580 952 conseri
601 890 694 952 soille
712 891 927 952 consiliorum
945 889 1152 969 dicerentur3
1173 893 1283 954 absente

315 975 497 1057 plerique,
521 971 669 1034 nonnulli
690 985 723 1033 et
741 971 907 1046 insontes,
929 973 986 1058 qui
1006 993 1069 1036 nee
1085 973 1223 1036 insidiati
1236 977 1282 1036 eae

327 1056 414 1129 sari,
445 1073 507 1118 nee
527 1055 660 1116 omnino
680 1073 720 1116 eo
740 1067 889 1138 tempore
906 1053 1031 1116 versati
1045 1057 1166 1118 Rornae
1183 1057 1283 1118 luerunt

325 1138 395 1200 Hae
418 1136 534 1199 lraurle
555 1135 731 1220 praecipue
751 1138 826 1198 Sex.
841 1138 922 1200 Pom
949 1137 1018 1216 ejus
1040 1137 1225 1221 petebatur,
1250 1137 1283 1198 ln

323 1218 461 1282 erimine
478 1218 563 1284 hand
580 1216 679 1279 dubie
690 1217 864 1294 innoxius3
887 1159 946 1280 sei
961 1239 1058 1303 quem
1071 1219 1216 1304 quolibet
1224 1239 1282 1303 pne

323 1313 414 1382 textu
438 1299 512 1363 tolli
537 1300 739 1363 Julianarum
768 1301 907 1382 partium
936 1300 1115 1363 interell'et.
1166 1303 1237 1363 Reis
1254 1297 1283 1360 in

323 1384 398 1468 lege
419 1381 585 1446 universis
603 1402 667 1443 nna
685 1381 859 1466 praeconis
879 1381 1131 1445 denunciatione
1150 1382 1229 1446 dieta
1244 1381 1283 1444 dis

323 1465 388 1538 ell,
410 1463 638 1548 damnatique,
662 1463 867 1548 inspeotente
886 1466 1047 1537 Caesare,
1076 1465 1117 1526 arl
1140 1485 1229 1527 anum
1248 1485 1283 1524 on

323 1569 401 1618 nes,
433 1547 586 1609 absentes
613 1545 784 1629 plerique,
815 1546 945 1608 nemine
968 1545 1112 1625 judicum
1137 1547 1283 1608 absolvent

325 1647 538 1714 quemquam,
560 1647 627 1688 nno
647 1641 833 1690 senatorum
853 1642 992 1710 excepto
1004 1661 1021 1700 ‚·
1034 1631 1073 1690 P.
1092 1629 1206 1691 Sieilio
1220 1631 1283 1688 coa

324 1725 417 1782 nass,
451 1712 508 1794 qui
527 1714 571 1772 nt.
590 1713 725 1770 Brutum
750 1707 892 1770 absolvit
912 1710 1034 1792 palam:
1064 1711 1157 1792 eujus
1182 1711 1227 1771 rei
1248 1709 1283 1770 dis

325 1794 473 1856 simulata
501 1793 632 1854 interim
659 1790 708 1854 ira
735 1809 810 1853 mox
834 1792 1080 1876 proscriptione
1106 1793 1240 1856 hominis
1258 1815 1283 1876 pa

324 1876 397 1938 tuit.

386 1999 429 2061 V.
451 1999 491 2060 P.
507 1995 669 2076 Seruilius
682 1991 804 2074 Casei,
828 1999 883 2088 qui
899 1997 1039 2084 primum
1053 1999 1151 2062 ictum
1167 1996 1283 2062 inlliren

328 2080 479 2152 Caesari,
504 2079 700 2144 tribunatum
720 2082 828 2168 plebis
848 2103 888 2146 eo
906 2101 990 2144 anno
1008 2081 1164 2168 gerebat,
1186 2083 1283 2165 patient

327 2161 529 2236 Octaviano,
553 2163 609 2248 qui
629 2177 695 2226 tum
714 2165 819 2228 adhue
838 2163 947 2227 odium
965 2165 998 2224 in
1018 2163 1220 2248 pereullores
1233 2178 1283 2244 tegt

328 2243 394 2307 bat.
438 2245 487 2318 ls,
510 2263 617 2330 neque
635 2246 838 2310 adolescenti
857 2246 980 2320 lidens,
1003 2261 1036 2307 et
1052 2248 1226 2332 exagitatus
1240 2231 1283 2321 all

330 2329 470 2398 oenone,
509 2327 584 2410 (qui
609 2332 778 2408 parricidam
799 2327 962 2414 adpellare
984 2329 1200 2398 sustinuerat,
1229 2347 1282 2412 qun

330 2407 448 2470 eodem
469 2422 618 2494 tempore
637 2429 699 2494 pro
719 2411 822 2473 salute
843 2411 1087 2494 percollorum‚
1120 2410 1232 2494 quibus
1252 2429 1282 2468 en

331 2489 556 2563 amicissimus,
580 2493 752 2554 Caesarem
773 2513 834 2578 per
851 2491 999 2634 epistolas
1017 2491 1173 2634 rogellet)
1193 2512 1247 2552 non
1262 2503 1282 2574 et

172 2569 295 2654 Gslltssflt
332 2585 481 2634 sectato
499 2573 649 2635 Caesaris
672 2573 831 2646 adventu,
895 2595 965 2636 orna
990 2593 1051 2656 pro
1071 2588 1193 2656 ugerat.
1231 2573 1282 2630 llut

141 2649 319 2724 magistrarum
332 2595 371 2716 lp
384 2653 492 2715 'l'itius
512 2655 657 2738 collega,
681 2651 863 2738 magistratu
884 2655 1051 2738 abrogato,
1074 2676 1166 2716 reum
1186 2653 1279 2738 peregi

262 2791 313 2826 m
334 2750 367 2798 et
386 2747 459 2797 ante
477 2757 595 2797 annom
613 2749 759 2798 mortuns
780 2734 920 2800 firmavit
938 2737 1137 2821 opinionem,
1158 2758 1220 2798 non
1237 2731 1281 2819 pol

144 2794 295 2916 :xxm-g
334 2839 451 2963 anlllim
481 2819 716 2902 supervivere,
754 2819 812 2906 qui
841 2819 988 2904 collegae
1015 2815 1228 2902 magistratum
1249 2817 1278 2876 ab

333 2915 393 2965 tur
423 2913 465 2964 et.

390 3025 553 3088 ‘Vl-Nee
579 3023 730 3090 dissirnile
755 3023 795 3122 Q.
819 3025 917 3094 Gallii
967 3025 1108 3090 raetoris
1134 3026 1229 3090 iatum
1248 3023 1280 3084 iri

337 3105 430 3188 cujus
449 3125 550 3191 opera
570 3121 636 3170 turn
654 3111 758 3170 Bruto
780 3123 877 3194 etque
896 3109 939 3170 Ca
969 3130 1000 3172 ro
1021 3108 1205 3193 abrogatum
1226 3107 1280 3188 inp*

338 3190 423 3252 rium
444 3203 524 3252 erat.
573 3187 701 3252 ldcir·co
723 3189 923 3273 provinciam
943 3189 1087 3252 Airioam
1105 3189 1235 3287 praemii
1250 3187 1279 3280 lup

340 3286 453 3334 nactus
480 3293 497 3332 a
520 3274 677 3343 Caesare,
709 3271 820 3356 paullo
844 3271 912 3355 poll
937 3273 1172 3336 miserabiliter
1194 3267 1279 3352 interi!

340 3353 447 3438 Quum
463 3353 568 3427 enim,
592 3353 771 3436 pugillares
790 3352 938 3437 duplices
954 3351 1039 3416 velle
1053 3368 1178 3438 tegens,
1200 3353 1233 3414 al
1246 3353 1279 3410 Cal

341 3455 448 3498 sarem
472 3435 673 3499 salutandum
693 3430 870 3508 introillet‚
903 3437 1124 3519 suspicionem
1146 3435 1239 3498 morit
1256 3433 1278 3514 gl

341 3516 431 3577 dium
452 3519 570 3579 occuli.
615 3521 683 3578 Neo
704 3539 800 3577 ausus
821 3515 919 3578 statim
940 3518 1109 3604 inquirere
1129 3520 1251 3586 Caesar,
1275 3533 1278 3574 t

341 3599 422 3684 quid
441 3597 528 3682 aliut]
548 3595 768 3670 inveniretur,
790 3599 898 3695 paullo
919 3597 986 3685 post
1005 3620 1023 3662 e
1040 3599 1191 3662 tribunali
1207 3599 1278 3680 repit]

342 3681 496 3743 servilem
517 3681 549 3742 in
568 3679 699 3742 modum
719 3692 835 3756 torsn,
857 3697 1094 3767 negantemque
1110 3681 1194 3766 juffit
1211 3677 1277 3740 oreis

342 3807 682 3825 m

341 3873 452 4000 miii:
469 3872 1004 4012 telenense..illaesis.
1023 3869 1277 4012 innitent

341 4014 447 4067 Bruto.
467 4011 593 4084 Appiam
610 4021 639 4062 et
652 4011 721 4066 Dio.
758 4011 832 4082 Cap.
849 4013 887 4064 V.
915 4010 1012 4082 Supra
1028 4013 1093 4078 rili,
1105 4011 1150 4073 57.
1174 4007 1233 4062 Dio.
1257 4001 1274 4054 C

341 4080 380 4136 ad
394 4080 454 4134 Ati.
468 4083 510 4146 16,
524 4083 565 4134 15.
586 4089 615 4132 et
630 4079 705 4134 Phil.
720 4079 814 4144 13‚15·
832 4079 900 4134 Dio.
921 4080 986 4134 Cle.
1001 4077 1040 4134 ad
1051 4080 1137 4134 Brut.
1153 4095 1175 4144 r,
1190 4095 1224 4138 17·
1238 4081 1276 4126 ‘ll

233 4147 238 4155 '
341 4149 412 4204 Dio.
435 4149 499 4206 Gis.
517 4146 556 4203 arl
571 4151 652 4202 Fam.
668 4166 710 4214 ro,
730 4165 772 4203 sa.
809 4149 881 4219 Gap.
899 4149 951 4202 Vl.
970 4145 1046 4203 ‘Dim
1070 4146 1128 4204 lul.
1144 4139 1276 4218 onaret

307 4283 313 4298 ⁸
341 4217 424 4290 pisa.
441 4217 501 4276 Jul.
518 4217 629 4293 Obseq.
647 4214 776 4291 Appias.
796 4215 921 4276 Sueten.
940 4217 1016 4295 Aug.
1029 4231 1075 4288 ¹7.
