2610 4696
195 299 201 312 “
290 408 291 414 p
328 323 391 393 mo
417 307 1274 380 rnnrnsneuernnnnnronunnnumin

155 517 193 578 tt.
210 537 238 576 ⁰·
252 537 314 588 7¹0·
389 523 490 588 xxii.
518 526 585 590 Sed
610 527 671 589 alia
691 545 806 588 manus
826 525 868 586 its
888 513 1148 609 persequebatur
1163 526 1275 599 Brutum,

124 599 127 609 '
157 590 193 642 Α·
211 591 247 708 f:
260 594 305 655 4²·
328 620 364 668 ut
383 607 470 668 nulla
489 609 548 670 alia
566 610 685 694 praeda
706 607 832 686 objecta
851 607 972 669 diverti
988 619 1165 692 pateretur.
1200 607 1227 668 ld
1241 609 1275 669 nli

158 743 188 777 n
208 726 234 780 Β
251 739 297 782 m
328 689 585 752 animadversum
599 691 726 752 Lucilio
739 689 864 750 Lucino
881 686 935 760 eit,
956 690 1052 750 Bruti
1068 687 1207 749 servandi
1218 709 1277 750 mus·

134 743 251 854 fmm'
264 798 286 856 ,3
326 765 500 856 sa'sponte
521 774 649 836 ineessit
672 771 815 844 tardius,
845 785 881 832 ut
901 793 918 832 s
938 771 1087 832 barbaris
1105 771 1278 852 exciperetur.

243 813 262 870 p
325 867 393 916 tum
414 854 531 915 adduci
552 856 591 916 ad
609 855 785 916 Antonium
808 873 857 914 me
882 873 1008 936 mopere
1030 851 1231 924 contendens,
1253 875 1278 916 eo

327 956 457 1020 quoque
475 937 613 1010 fefellit,
639 950 674 997 ut
689 939 810 996 Brutus
828 955 846 996 e
874 956 893 997 e
911 950 1084 1020 putaretur
1095 958 1109 1002 ,·
1124 949 1155 996 et
1166 934 1277 1017 implen-

325 1017 426 1080 bilem
446 1020 613 1081 inimicum
631 1020 735 1080 vitare
753 1020 923 1080 Caesarem
939 1019 1037 1080 velle.
1081 1017 1152 1078 Hoc
1167 1019 1278 1079 nuncium

230 1143 236 1156 .
326 1101 501 1182 ancipitem
513 1101 614 1162 animi
626 1101 801 1162 Antonium
820 1099 949 1170 babuit,
973 1097 1225 1184 quemadmodum
1234 1114 1279 1160 tm·

326 1199 377 1246 tae
388 1182 585 1264 dignationis
595 1181 763 1265 famaeque
778 1181 883 1244 virum
895 1184 928 1244 in
938 1183 998 1245 bec
1007 1182 1277 1264 fortunareciperet.

327 1263 386 1328 sed
405 1266 541 1351 propius
558 1265 644 1326 lacto
659 1263 819 1338 Lucilius,
843 1267 898 1326 Dii
913 1287 979 1325 vero
995 1262 1174 1346 probibrffiitr,
1194 1263 1274 1348 inquit,

324 1369 357 1408 m
375 1352 434 1428 capi
447 1349 557 1406 erutus
574 1350 676 1427 qsseat!
697 1367 781 1428 neque
801 1351 882 1405 esiam
899 1347 1040 1407 Fortume
1057 1349 1087 1406 in
1102 1347 1225 1408 Virtutem
1236 1349 1277 1404 lio·

323 1427 366 1490 bit
379 1427 524 1510 quidlibet.
547 1449 665 1488 ceterum
680 1449 727 1510 ego
745 1429 787 1485 tis
803 1429 921 1506 deceptis
936 1451 969 1488 m
980 1427 1087 1499 adsum,
1105 1425 1219 1506 pallietur
1231 1427 1278 1506 qni

325 1509 377 1574 ribi
389 1508 540 1571 videbitur.
570 1509 678 1606 Quum
696 1509 735 1572 sd
751 1509 832 1572 haec
847 1508 1078 1597 obllupuill'ent
1089 1509 1215 1595 equites,
1228 1531 1279 1570 oon·

323 1613 440 1657 versus
460 1592 499 1654 sd
516 1593 578 1655 bos
593 1592 773 1665 Antonius,
798 1592 866 1652 Non
885 1593 938 1672 esi,
961 1593 1080 1676 inquit,
1102 1613 1133 1651 ut
1149 1593 1280 1674 aegrescu-

288 1681 289 1688 ’
324 1679 361 1736 tis
375 1676 442 1735 barre
451 1674 592 1758 fraudem.
622 1675 705 1734 nihilo
723 1678 837 1734 minoris
855 1675 922 1736 horte
942 1677 1070 1755 praedant
1087 1672 1199 1751 aestimo:
1216 1673 1279 1753 pluris

322 1761 420 1830 immo,
443 1775 545 1834 qttauro
561 1755 678 1834 praestat
695 1759 791 1828 amici,
814 1775 893 1836 quam
911 1757 1009 1832 bostis,
1024 1758 1133 1836 sacrum
1147 1753 1191 1832 effe
1204 1773 1279 1830 comto·

323 1857 388 1898 sem.
439 1841 481 1900 Et
502 1837 665 1900 Lucilium
689 1837 821 1922 quidem
845 1859 977 1902 suorum
998 1837 1124 1900 cuidam
1143 1835 1281 1898 curandum

323 1918 478 1983 tradidit:
505 1939 612 2004 eoque
639 1919 777 1983 vicissim
806 1917 873 1982 fido
898 1920 1018 1984 deinde
1042 1935 1138 2006 atque
1156 1919 1281 1981 benevolo

322 2000 365 2068 sd
385 2003 492 2064 omnia
511 2023 598 2064 usus·
610 2000 664 2064 ett.

147 2133 298 2190 fimf,
385 2109 500 2172 XXlll.
532 2113 659 2172 Interea
678 2113 801 2174 Brutus
827 2130 897 2172 cum
918 2131 1013 2172 manu
1031 2107 1116 2171 baud
1136 2105 1281 2204 spernendi

129 2205 271 2254 sumntum
322 2192 358 2252 in
381 2192 537 2254 tumulum
563 2212 599 2264 se
625 2207 814 2277 receperat,
845 2191 1009 2255 beneficio
1027 2192 1133 2252 noetis
1149 2211 1178 2250 in
1194 2187 1286 2260 rann,

130 2271 274 2352 quemdam
321 2273 376 2336 vel
397 2273 436 2334 ed
456 2294 544 2337 mare
565 2273 733 2337 evasurus.
778 2278 827 2337 Eo
852 2289 1001 2358 tempore
1029 2273 1240 2356 suspicientem
1258 2275 1282 2332 iu

127 2347 272 2410 ”m'lm‘
321 2355 451 2430 coelum
467 2355 584 2417 sudum
601 2375 637 2418 ac
651 2353 751 2418 stellis
766 2357 898 2442 fulgens
913 2355 1100 2419 exclamalle
1114 2353 1226 2416 tradunt
1234 2357 1283 2415 Eu·

319 2436 441 2520 ripidis
459 2455 577 2510 versu,
601 2443 643 2497 uti
660 2460 693 2498 ne
703 2435 823 2516 Jupiter
841 2439 959 2520 stipere
978 2457 1120 2504 pareretur
1137 2437 1236 2494 insinno
1248 2437 1282 2492 ln.

319 2539 384 2577 rum
409 2519 542 2577 malorum
564 2539 711 2580 auctorem.
755 2521 946 2604 llesignalle
961 2518 1137 2581 Antonium
1153 2517 1281 2588 creditur,

319 2600 378 2684 qui
403 2613 470 2662 tum
497 2599 654 2663 in⁰ermis
676 2623 821 2686 pernox,
859 2625 898 2666 ex
917 2601 1129 2663 cadaveribus
1147 2615 1177 2662 et
1194 2599 1281 2681 spoliis

318 2682 406 2746 vallo
426 2681 558 2758 effecto,
582 2683 689 2746 locum
710 2684 988 2748 circumdederat:
1010 2696 1043 2745 et
1059 2684 1181 2754 Caesar,
1199 2680 1285 2743 cultris*

320 2761 361 2825 atl
380 2765 518 2828 medium
539 2785 643 2849 usque
663 2781 793 2828 noctem
814 2767 973 2840 servatis,
1004 2763 1111 2825 morbi
1131 2765 1218 2826 caulis
1233 2763 1285 2822 dis-t

271 2900 277 2927 ,
322 2845 462 2920 cedens,
485 2847 672 2912 Norbanum
694 2847 801 2912 eidem
822 2847 982 2912 cullodiae
998 2846 1205 2930 praefecerat.
1235 2848 1282 2905 Pe·

321 2931 464 2992 netrevit
488 2941 594 2990 tamen
621 2949 661 2992 eo
686 2951 748 3015 per
772 2929 895 2994 medius
917 2927 1086 3000 stationes,
1118 2927 1199 3008 cujus
1216 2927 1282 2988 etio

323 3010 456 3074 Catonis
473 3025 579 3075 morte
598 3009 737 3074 fecimus
756 3013 964 3081 mentionem,
988 3011 1155 3088 Statilius3
1177 3010 1282 3071 sublute-

321 3111 399 3236 pue,
419 3106 456 3154 ut
471 3109 685 3172 convenerat,
707 3094 791 3168 sace,
815 3095 901 3158 salva
917 3093 998 3154 baec
1015 3093 1079 3154 elle
1095 3095 1191 3154 Bruto
1207 3090 1284 3174 signi·

346 3174 442 3236 osvin
473 3173 532 3238 sed
551 3175 608 3236 ubi
626 3197 689 3240 nec
707 3177 764 3238 ille
783 3175 902 3246 rediit,
926 3173 1000 3236 dum
1018 3173 1082 3236 hoc
1100 3188 1228 3244 conatur,
1244 3173 1284 3232 in·

319 3255 500 3334 terlectus3
523 3255 564 3320 de
584 3272 691 3320 morte
711 3258 864 3321 sumenda
878 3261 1000 3320 Brutus
1016 3257 1157 3339 agitans,
1178 3253 1284 3334 ejusrei

319 3337 531 3400 ministerium
558 3361 575 3400 e
600 3360 699 3402 servo
724 3361 803 3413 suo,
832 3339 950 3402 deinde
975 3339 1116 3400 absumi
1140 3358 1207 3410 ero,
1230 3331 1284 3416 post}

319 3413 384 3484 ltoc
403 3433 436 3482 et
452 3422 521 3481 eP.
537 3421 733 3492 Volumnio,
765 3423 819 3506 qui
840 3442 949 3484 rerum
968 3421 1082 3482 berum
1100 3359 1196 3482 elidis
1210 3415 1284 3484 bilo-t

319 3502 420 3574 riam,
443 3502 550 3586 petiit.
594 3501 677 3578 Sed,
699 3503 752 3566 bis
769 3505 907 3588 aliisque
929 3501 1206 3572 submonentibus,
1223 3485 1284 3580 primi

319 3583 465 3642 recitandos
482 3583 664 3664 praesentium
679 3589 782 3645 mtimos
799 3583 867 3666 effe,
890 3585 962 3682 ipse
980 3584 1112 3668 quidem
1128 3601 1214 3667 agere
1228 3597 1279 3642 cum

319 3665 371 3726 his
387 3663 509 3728 noluit:
531 3665 675 3728 tribunis
685 3667 879 3752 legatisque,
900 3689 962 3747 Jam
977 3686 1126 3730 errorem
1139 3680 1281 3728 suumcuu

318 3745 447 3832 pudore
467 3747 742 3832 agnoscentibus,
764 3749 931 3833 negotium
948 3747 1050 3812 dedit.

133 3872 305 3940 Mittuntur
379 3871 497 3937 xxtv.
527 3872 571 3933 At
587 3871 728 3944 milites,
756 3873 867 3954 peullo
883 3887 956 3936 ante
974 3887 1039 3934 tam
1057 3885 1091 3934 et
1105 3873 1137 3934 in
1156 3863 1283 3940 sumenda:

116 3945 304 4082 misum·
318 3973 445 4038 pugna,
469 3968 503 4016 et
519 3955 551 4014 in
569 3953 744 4038 pugnando
759 3953 910 4029 feroces,
931 3969 999 4018 tum
1017 3953 1059 4017 ad
1076 3967 1232 4018 extreman
1243 3947 1279 4008 ti·

340 4145 428 4226 cap.
443 4145 535 4202 xxn.
559 4141 815 4228 eruseitpptm.
851 4147 924 4218 cap.
941 4129 1046 4227 xxuui.
1065 4139 1283 4216 nemmem*

317 4231 401 4304 prun.
424 4213 501 4271 Plut.
520 4223 550 4271 et
565 4217 694 4289 Appuen.
713 4216 1086 4292 Appren.Plut.App1au.
1146 4259 1148 4264 .
