2598 4692
332 302 392 384 27⁶
419 260 1277 388 raumarasurpauucuronuucnnxxin.

810 437 1284 488 ·-·········—a

176 508 316 578 lim-7⁰8·
337 525 427 574 eraut
446 512 652 595 Apolloniam
671 509 880 596 praemiffae3
903 523 937 574 et
954 509 1057 574 irater
1075 469 1206 576 Antonii
1223 517 1264 597 Caj

174 583 209 633 Α·
227 581 260 640 c·
273 579 318 646 44·
336 583 568 656 Macddoniant.

157 717 326 784 Eiusdema'a.
399 703 516 772 xxvi.
545 703 637 764 Unde
659 701 849 766 adolescens
868 701 925 764 ille
941 701 1064 766 clarior
1083 703 1118 764 in
1136 701 1221 778 dies,
1244 704 1281 786 ple

151 786 325 837 elatat-cae.
339 779 439 866 bique
461 797 494 845 et
513 783 672 846 militibus
694 787 836 867 gratior,
870 804 984 868 magna
1006 782 1124 846 horum
1144 783 1281 869 frequenti

150 870 242 924 saraa
256 854 318 905 ⁰⁶⁰·
340 863 527 946 stipabatur,
551 867 646 926 etiam
662 867 798 950 pecunia
814 866 957 927 savorem
973 867 1162 930 concilians.
1189 887 1241 928 nce
1254 868 1282 925 du

150 921 300 977 '‘mm·
339 946 518 1020 ditabatur,
547 967 699 1008 novarum
721 969 829 1009 rerum
851 945 931 1010 baec
952 949 1015 1008 elie
1037 947 1228 1030 primordia,
1253 969 1282 1008 ne

339 1029 422 1088 ultra
440 1027 567 1089 differri
584 1029 706 1110 turbas,
728 1029 921 1113 praesertim
938 1030 1011 1113 quia
1026 1033 1070 1090 Μ.
1083 1030 1244 1100 Antonius,
1262 1031 1269 1088 i

339 1124 501 1170 crementa
519 1109 613 1188 hujus
629 1111 812 1193 aegerrime
825 1111 951 1182 ferens,
972 1109 1018 1181 sd,
1030 1131 1066 1172 se
1084 1113 1237 1172 volentem
1250 1129 1278 1170 oo

338 1191 441 1273 loquii
465 1192 568 1254 caulis
593 1192 626 1253 in
649 1193 788 1254 tribunal
809 1191 1032 1266 adscendere,
1063 1193 1275 1276 quemadmodu

235 1343 240 1351 p
337 1271 449 1334 fecere
465 1275 602 1336 Caesare
622 1294 731 1336 rerum
754 1275 901 1358 potiente
922 1287 991 1336 arat
1012 1275 1140 1346 solitus,
1161 1275 1275 1356 repulsa

336 1375 400 1496 pler
427 1356 579 1428 lictores,
609 1355 801 1439 detrahique
828 1375 868 1417 ex
893 1356 966 1416 loco
994 1357 1166 1439 superiore
1187 1355 1279 1434 jull'en

372 1437 425 1497 ino
444 1437 618 1514 immensae
635 1437 850 1500 multitudinis
867 1437 946 1498 irae.
974 1456 1035 1498 nec
1052 1437 1166 1500 deerat
1178 1437 1273 1500 Ossan

248 1569 251 1575 .
337 1539 399 1578 nus
417 1517 601 1582 adcendere
622 1518 714 1596 odia;
745 1518 854 1582 forum
878 1519 1002 1590 vitam,
1033 1517 1092 1580 sed
1119 1513 1180 1602 per
1201 1534 1274 1578 ceter

338 1601 540 1662 celebriores
564 1614 673 1698 partes
692 1599 784 1662 urbis
810 1591 988 1668 iu.e'xcelsa
1007 1599 1077 1662 loca
1097 1601 1252 1684 insiliens,
1275 1601 1282 1660 i

228 1717 231 1728 ι
338 1702 462 1744 morem
485 1681 708 1746 concionantis
723 1682 896 1746 Antonium
915 1681 1096 1751 adcusabat.

97 1847 99 1858 ,
170 1805 209 1858 Βι
223 1820 279 1856 ιη..
292 1819 320 1856 ρ,
399 1789 533 1853 XXVII.
556 1791 690 1872 Jamque
707 1789 764 1851 ille
783 1802 816 1852 et
830 1810 847 1850 a
863 1788 1003 1850 tribunis
1016 1791 1253 1852 centurionibus

152 1875 256 1954 redires
274 1876 302 1930 iu
342 1869 409 1932 suis
428 1869 628 1942 monebatur,
648 1869 731 1949 pinam
747 1875 915 1950 inpensarum
925 1873 1044 1951 ficeret,
1061 1869 1175 1952 filiaque
1191 1871 1280 1950 Coelan

153 1955 287 2013 wilm,
339 1953 418 2028 sajus
435 1947 569 2029 herrestein
589 1957 635 2026 lua
652 1951 780 2012 deberem
796 1957 903 2024 amatia,
923 1951 968 2014 vel
987 1951 1039 2030 *saa
1060 1953 1147 2033 cattffia
1169 1953 1279 2014 concilia

340 2052 400 2093 tur.
443 2035 496 2104 Et,
519 2033 616 2115 quium
635 2033 690 2096 ille
709 2033 876 2096 commoda
896 2033 1122 2118 respondiffet,
1143 2033 1275 2095 iisdena

340 2113 492 2176 ctorihus
505 2115 684 2198 congr-effi,
706 2113 773 2210 poll
789 2129 913 2177 mutuus
932 2117 1080 2198 quereias
1099 2117 1142 2178 ita
1161 2115 1275 2177 rediero

340 2196 549 2278 ingratiam,
580 2211 614 2258 ut
635 2196 983 2280 saeptus.redeundam
1004 2197 1091 2260 silet.
1136 2203 1215 2260 Nam
1235 2211 1261 2256 ot

342 2297 426 2360 que,
458 2279 575 2340 mentis
602 2279 734 2340 alterius
757 2299 821 2340 non
841 2278 992 2352 nescius,
1024 2279 1182 2374 arguendi
1202 2292 1273 2358 temp

341 2358 484 2420 nondum
503 2360 622 2422 veniss'e
640 2359 788 2456 putabat3
810 2359 991 2434 stammas,
1015 2374 1093 2422 satas
1111 2360 1173 2440 jam
1191 2381 1241 2421 sua
1255 2361 1272 2418 ir

343 2433 459 2502 cundia
482 2455 514 2503 et
533 2439 774 2525 suspicionibus
795 2440 1022 2514 exacerbatos,
1046 2440 1140 2504 amici
1158 2463 1221 2502 non
1236 2441 1273 2500 sin

341 2520 418 2583 bant
440 2523 694 2606 conquiescerc3
724 2543 892 2606 numquam
921 2521 1103 2596 defuturis,
1132 2525 1187 2607 qui
1211 2535 1273 2606 pote

340 2603 459 2666 tiorum
476 2605 562 2666 inter
577 2623 612 2666 se
628 2603 813 2666 inimicitias
828 2625 915 2664 suam
927 2607 1128 2666 occasionem
1142 2617 1261 2688 putent3

238 2745 241 2758 ,
309 2747 312 2762 ‚
339 2684 377 2746 in
393 2705 471 2767 pace
491 2685 679 2769 negligendi
698 2685 821 2747 turbari
842 2685 952 2746 malint
968 2687 1092 2757 omnia,
1126 2685 1200 2746 dnm
1218 2685 1269 2764 aliq

339 2765 373 2826 in
389 2787 523 2828 numero
539 2783 676 2852 propter
690 2781 893 2849 praesentem
906 2767 1123 2830 neceilitatern
1137 2767 1278 2830 babeanto

404 2870 549 2936 xxvtn.
573 2873 675 2956 Igitur
691 2893 756 2934 non
774 2873 864 2934 multi
876 2873 1214 2945 intercell'cruntdies‚
1228 2891 1277 2954 quo

342 2955 461 3016 iterum
485 2955 672 3036 impugnare
691 2957 860 3016 Caesarem
880 2956 1041 3016 Antonius
1061 2957 1189 3040 coepit,
1217 2975 1266 3038 qua

247 3092 249 3098 ,
368 3057 436 3096 raam
463 3037 589 3098 recenti
617 3034 778 3097 beneficio
799 3037 923 3098 Galliae
947 3037 1135 3120 provinciae
1155 3037 1284 3116 obligata

343 3057 445 3180 dot-te
461 3117 612 3178 tribunus
628 3117 755 3200 quidum
773 3118 879 3200 plebis
895 3119 1087 3190 deceiiarat,
1115 3117 1204 3196 cnjus
1223 3119 1251 3177 iu
1267 3113 1284 3182 ll

345 3219 416 3260 cunt
434 3198 625 3260 Flaminium
642 3200 881 3264 conamendabat
898 3203 1034 3271 Caesar,
1061 3213 1246 3284 petere-non
1261 3191 1284 3268 al

346 3284 418 3352 su's,
441 3279 527 3363 quod
544 3293 680 3342 aetatem
698 3281 873 3363 legitimam
889 3302 952 3344 non
967 3280 1121 3343 habebat:
1150 3279 1207 3342 sed
1221 3299 1273 3362 pop

345 3362 414 3432 lus,
439 3382 590 3422 sensuum
610 3361 678 3440 ejus
697 3383 761 3423 non
782 3363 930 3444 ignarus,
951 3363 1015 3444 ipsi
1035 3363 1223 3424 tribunatum
1240 3357 1284 3448 all

345 3443 448 3524 rebat.
490 3442 581 3504 Unde
602 3444 695 3505 simul
718 3459 751 3505 et
764 3447 878 3506 Patres
903 3457 937 3506 et
953 3445 1126 3506 Antonium
1151 3457 1246 3506 metus
1262 3453 1284 3518 rt

346 3527 414 3607 pit;
445 3539 557 3586 senatu
576 3525 815 3606 pcrcull'oribus
835 3526 982 3587 Caesaris
1002 3523 1154 3600 timente,
1187 3523 1284 3598 Antoni

347 3605 422 3676 sibi,
446 3607 472 3666 si
489 3606 672 3667 facultatem
688 3605 823 3689 adeptus
839 3605 1027 3674 adolescens
1040 3607 1181 3668 disertus
1192 3607 1284 3686 etprat?

330 3701 463 3774 ¹potens
483 3687 659 3748 turbandae
681 3688 806 3770 plebis,
833 3703 885 3750 sut
904 3703 1052 3771 paternas
1072 3688 1248 3750 inimicitias
1261 3699 1284 3776 eq

346 3769 459 3850 sequi,
480 3783 534 3832 aut
554 3791 649 3842 suas,
671 3771 835 3852 co'cpiilet.
888 3770 988 3852 {gitur
1006 3771 1166 3831 Antonius
1187 3766 1284 3828 edictu!

345 3851 535 3934 proposuit,
558 3853 727 3914 Caesarem
747 3865 858 3914 contra
877 3853 965 3932 leges
985 3850 1139 3932 adpetere
1155 3847 1284 3934 quidque(

346 3945 478 3992 vetans:
504 3947 555 4006 et,
581 3933 645 3994 nisi
663 3934 831 4016 paruiilet,
854 3931 917 3993 vim
939 3933 1121 3996 consulatus
1140 3929 1284 4014 minabatnl

348 4057 683 4074 m-

381 4103 453 4191 ca'p.
468 4120 559 4174 xxv.
586 4117 647 4174 cte.
665 4119 740 4174 rsit.
758 4119 790 4186 a,
809 4139 850 4176 ιο.
887 4119 927 4175 cs
954 4157 960 4171 .
980 4119 1084 4175 xxm.
1108 4117 1175 4174 nto.
1197 4103 1284 4188 raptat

345 4185 420 4260 (lap.
436 4187 554 4247 xxvn.
573 4185 641 4247 Die.
676 4189 747 4262 cap.
764 4187 896 4248 xxvtu.
941 4187 1042 4262 ppian.
1283 4185 1284 4194 ’
