<?xml version="1.0" encoding="UTF-8"?>
<!DOCTYPE html PUBLIC "-//W3C//DTD XHTML 1.0 Transitional//EN"
    "http://www.w3.org/TR/xhtml1/DTD/xhtml1-transitional.dtd">
<html xmlns="http://www.w3.org/1999/xhtml" xml:lang="en" lang="en">
 <head>
  <title>
</title>
<meta http-equiv="Content-Type" content="text/html;charset=utf-8" />
  <meta name='ocr-system' content='tesseract 3.04.00' />
  <meta name='ocr-capabilities' content='ocr_page ocr_carea ocr_par ocr_line ocrx_word'/>
</head>
<body>
  <div class='ocr_page' id='page_1' title='image "./tliviipatavinih02drakgoog_0103.png"; bbox 0 0 2596 4686; ppageno 0'>
   <div class='ocr_carea' id='block_1_1' title="bbox 325 275 1283 402">
    <p class='ocr_par' dir='ltr' id='par_1_1' title="bbox 325 275 1283 402">
     <span class='ocr_line' id='line_1_1' title="bbox 325 275 1283 402; baseline 0.006 -18"><span class='ocrx_word' id='word_1_1' title='bbox 325 319 366 402; x_wconf 64' lang='lat' dir='ltr'><strong>aa</strong></span> <span class='ocrx_word' id='word_1_2' title='bbox 407 313 607 386; x_wconf 79' lang='lat' dir='ltr'><strong>rnnrnsu.</strong></span> <span class='ocrx_word' id='word_1_3' title='bbox 627 275 1283 390; x_wconf 64' lang='lat' dir='ltr'><strong>surruuuuuronuntnsxxu.</strong></span> 
     </span>
    </p>
   </div>
   <div class='ocr_carea' id='block_1_2' title="bbox 181 507 1283 606">
    <p class='ocr_par' dir='ltr' id='par_1_2' title="bbox 181 507 1283 606">
     <span class='ocr_line' id='line_1_2' title="bbox 181 507 1283 606; baseline -0.005 -15"><span class='ocrx_word' id='word_1_4' title='bbox 181 507 184 514; x_wconf 37' lang='lat'><em>¹</em></span> <span class='ocrx_word' id='word_1_5' title='bbox 296 565 304 583; x_wconf 90' lang='lat'><strong>·</strong></span> <span class='ocrx_word' id='word_1_6' title='bbox 385 529 482 592; x_wconf 75' lang='lat' dir='ltr'><strong>uxtt.</strong></span> <span class='ocrx_word' id='word_1_7' title='bbox 512 517 558 592; x_wconf 69' lang='lat' dir='ltr'><strong>&#39;At</strong></span> <span class='ocrx_word' id='word_1_8' title='bbox 584 527 730 591; x_wconf 86' lang='lat' dir='ltr'><strong>incertus</strong></span> <span class='ocrx_word' id='word_1_9' title='bbox 758 529 890 592; x_wconf 86' lang='lat' dir='ltr'><strong>consilii</strong></span> <span class='ocrx_word' id='word_1_10' title='bbox 915 529 1056 602; x_wconf 86' lang='lat' dir='ltr'><strong>Caesar,</strong></span> <span class='ocrx_word' id='word_1_11' title='bbox 1088 539 1122 588; x_wconf 86' lang='lat' dir='ltr'><strong>et</strong></span> <span class='ocrx_word' id='word_1_12' title='bbox 1144 521 1283 606; x_wconf 81' lang='lat' dir='ltr'><strong>desperat</strong></span> 
     </span>
    </p>
   </div>
   <div class='ocr_carea' id='block_1_3' title="bbox 271 599 1283 698">
    <p class='ocr_par' dir='ltr' id='par_1_3' title="bbox 271 599 1283 698">
     <span class='ocr_line' id='line_1_3' title="bbox 271 599 1283 698; baseline -0.007 -25"><span class='ocrx_word' id='word_1_13' title='bbox 271 599 299 655; x_wconf 75' lang='lat'><strong>⁸·</strong></span> <span class='ocrx_word' id='word_1_14' title='bbox 323 613 453 698; x_wconf 87' lang='lat' dir='ltr'><strong>proelio</strong></span> <span class='ocrx_word' id='word_1_15' title='bbox 471 631 511 674; x_wconf 87' lang='lat' dir='ltr'><strong>ex</strong></span> <span class='ocrx_word' id='word_1_16' title='bbox 526 611 700 696; x_wconf 75' lang='lat' dir='ltr'><strong>superiore</strong></span> <span class='ocrx_word' id='word_1_17' title='bbox 714 608 1126 694; x_wconf 87' lang='lat' dir='ltr'><strong>consuetudiuePompeji,</strong></span> <span class='ocrx_word' id='word_1_18' title='bbox 1149 607 1283 670; x_wconf 80' lang='lat' dir='ltr'><strong>Scotusa</strong></span> 
     </span>
    </p>
   </div>
   <div class='ocr_carea' id='block_1_4' title="bbox 322 685 1283 862">
    <p class='ocr_par' dir='ltr' id='par_1_4' title="bbox 322 685 1283 862">
     <span class='ocr_line' id='line_1_4' title="bbox 323 685 1283 757; baseline -0.01 0"><span class='ocrx_word' id='word_1_19' title='bbox 323 691 422 757; x_wconf 83' lang='lat' dir='ltr'><strong>eastra</strong></span> <span class='ocrx_word' id='word_1_20' title='bbox 439 685 586 756; x_wconf 85' lang='lat' dir='ltr'><strong>moturus</strong></span> <span class='ocrx_word' id='word_1_21' title='bbox 603 706 683 754; x_wconf 87' lang='lat' dir='ltr'><strong>erat.</strong></span> <span class='ocrx_word' id='word_1_22' title='bbox 726 695 797 755; x_wconf 89' lang='lat' dir='ltr'><strong>Jam</strong></span> <span class='ocrx_word' id='word_1_23' title='bbox 815 691 1076 756; x_wconf 85' lang='lat' dir='ltr'><strong>detendebantur</strong></span> <span class='ocrx_word' id='word_1_24' title='bbox 1094 689 1283 752; x_wconf 82' lang='lat' dir='ltr'><strong>tabernacula</strong></span> 
     </span>
     <span class='ocr_line' id='line_1_5' title="bbox 322 771 1283 862; baseline -0.007 -26"><span class='ocrx_word' id='word_1_25' title='bbox 322 797 421 862; x_wconf 92' lang='lat' dir='ltr'><strong>quum</strong></span> <span class='ocrx_word' id='word_1_26' title='bbox 440 775 669 860; x_wconf 74' lang='lat' dir='ltr'><strong>Pompeianam</strong></span> <span class='ocrx_word' id='word_1_27' title='bbox 692 775 796 837; x_wconf 88' lang='lat' dir='ltr'><strong>aciem</strong></span> <span class='ocrx_word' id='word_1_28' title='bbox 820 777 951 859; x_wconf 83' lang='lat' dir='ltr'><strong>longius</strong></span> <span class='ocrx_word' id='word_1_29' title='bbox 977 775 1075 836; x_wconf 87' lang='lat' dir='ltr'><strong>solito</strong></span> <span class='ocrx_word' id='word_1_30' title='bbox 1101 786 1176 834; x_wconf 89' lang='lat' dir='ltr'><strong>ante</strong></span> <span class='ocrx_word' id='word_1_31' title='bbox 1203 771 1283 834; x_wconf 77' lang='lat' dir='ltr'><strong>vallat</strong></span> 
     </span>
    </p>
   </div>
   <div class='ocr_carea' id='block_1_5' title="bbox 194 853 1284 954">
    <p class='ocr_par' dir='ltr' id='par_1_5' title="bbox 194 853 1284 954">
     <span class='ocr_line' id='line_1_6' title="bbox 194 853 1284 954; baseline 0.001 -38"><span class='ocrx_word' id='word_1_32' title='bbox 194 859 198 866; x_wconf 89' lang='lat'><em>&#39;</em></span> <span class='ocrx_word' id='word_1_33' title='bbox 298 895 302 910; x_wconf 59' lang='grc' dir='ltr'><em>ι</em></span> <span class='ocrx_word' id='word_1_34' title='bbox 321 853 520 954; x_wconf 76' lang='lat' dir='ltr'><strong>progrcllam</strong></span> <span class='ocrx_word' id='word_1_35' title='bbox 536 857 673 920; x_wconf 89' lang='lat' dir='ltr'><strong>relatum</strong></span> <span class='ocrx_word' id='word_1_36' title='bbox 687 853 742 918; x_wconf 88' lang='lat' dir='ltr'><strong>est.</strong></span> <span class='ocrx_word' id='word_1_37' title='bbox 772 856 875 942; x_wconf 80' lang='lat' dir='ltr'><strong>Igitur</strong></span> <span class='ocrx_word' id='word_1_38' title='bbox 889 857 1077 942; x_wconf 89' lang='lat' dir='ltr'><strong>expeditum</strong></span> <span class='ocrx_word' id='word_1_39' title='bbox 1092 873 1219 940; x_wconf 82' lang='lat' dir='ltr'><strong>agmen,</strong></span> <span class='ocrx_word' id='word_1_40' title='bbox 1232 873 1284 936; x_wconf 74' lang='lat' dir='ltr'><strong>quq</strong></span> 
     </span>
    </p>
   </div>
   <div class='ocr_carea' id='block_1_6' title="bbox 130 1237 200 1307">
    <p class='ocr_par' dir='ltr' id='par_1_6' title="bbox 130 1237 200 1307">
     <span class='ocr_line' id='line_1_7' title="bbox 130 1237 200 1307; baseline 0.057 -22"><span class='ocrx_word' id='word_1_41' title='bbox 130 1237 200 1307; x_wconf 68' lang='lat' dir='ltr'><strong>psit·</strong></span> 
     </span>
    </p>
   </div>
   <div class='ocr_carea' id='block_1_7' title="bbox 290 2083 986 2160">
    <p class='ocr_par' dir='ltr' id='par_1_7' title="bbox 290 2083 986 2160">
     <span class='ocr_line' id='line_1_8' title="bbox 290 2083 986 2160; baseline 0.006 -14"><span class='ocrx_word' id='word_1_42' title='bbox 290 2083 294 2102; x_wconf 90' lang='lat'>&#39;</span> <span class='ocrx_word' id='word_1_43' title='bbox 314 2085 521 2154; x_wconf 72' lang='lat' dir='ltr'><strong>funditorum</strong></span> <span class='ocrx_word' id='word_1_44' title='bbox 533 2087 680 2160; x_wconf 85' lang='lat' dir='ltr'><strong>habebat,</strong></span> <span class='ocrx_word' id='word_1_45' title='bbox 694 2089 727 2149; x_wconf 92' lang='lat' dir='ltr'><strong>in</strong></span> <span class='ocrx_word' id='word_1_46' title='bbox 741 2088 869 2152; x_wconf 83' lang='lat' dir='ltr'><strong>sinistro</strong></span> <span class='ocrx_word' id='word_1_47' title='bbox 883 2111 986 2152; x_wconf 87' lang='lat' dir='ltr'><strong>cornu</strong></span> 
     </span>
    </p>
   </div>
   <div class='ocr_carea' id='block_1_8' title="bbox 320 933 1284 1188">
    <p class='ocr_par' dir='ltr' id='par_1_8' title="bbox 320 933 1284 1188">
     <span class='ocr_line' id='line_1_9' title="bbox 334 933 1284 1032; baseline -0.007 -32"><span class='ocrx_word' id='word_1_48' title='bbox 334 961 382 1000; x_wconf 91' lang='lat' dir='ltr'><strong>am</strong></span> <span class='ocrx_word' id='word_1_49' title='bbox 401 961 434 1000; x_wconf 78' lang='lat' dir='ltr'><strong>tn</strong></span> <span class='ocrx_word' id='word_1_50' title='bbox 454 939 559 1022; x_wconf 89' lang='lat' dir='ltr'><strong>portis</strong></span> <span class='ocrx_word' id='word_1_51' title='bbox 579 951 666 1011; x_wconf 90' lang='lat' dir='ltr'><strong>erat,</strong></span> <span class='ocrx_word' id='word_1_52' title='bbox 697 935 904 1014; x_wconf 86' lang='lat' dir='ltr'><strong>cohortatus,</strong></span> <span class='ocrx_word' id='word_1_53' title='bbox 959 950 1072 1001; x_wconf 89' lang='lat' dir='ltr'><strong>roruto</strong></span> <span class='ocrx_word' id='word_1_54' title='bbox 1093 933 1199 1010; x_wconf 85' lang='lat' dir='ltr'><strong>vallo,</strong></span> <span class='ocrx_word' id='word_1_55' title='bbox 1228 945 1284 1032; x_wconf 78' lang='lat' dir='ltr'><strong>quat</strong></span> 
     </span>
     <span class='ocr_line' id='line_1_10' title="bbox 320 961 1284 1112; baseline -0.007 -28"><span class='ocrx_word' id='word_1_56' title='bbox 320 961 456 1084; x_wconf 78' lang='lat' dir='ltr'><strong>lotium</strong></span> <span class='ocrx_word' id='word_1_57' title='bbox 477 1018 586 1082; x_wconf 87' lang='lat' dir='ltr'><strong>castris</strong></span> <span class='ocrx_word' id='word_1_58' title='bbox 605 1041 680 1082; x_wconf 82' lang='lat' dir='ltr'><strong>mox</strong></span> <span class='ocrx_word' id='word_1_59' title='bbox 699 1021 880 1106; x_wconf 85' lang='lat' dir='ltr'><strong>potituros,</strong></span> <span class='ocrx_word' id='word_1_60' title='bbox 903 965 1015 1086; x_wconf 70' lang='lat' dir='ltr'><strong>eduxit</strong></span> <span class='ocrx_word' id='word_1_61' title='bbox 1033 1017 1150 1092; x_wconf 82' lang='lat' dir='ltr'><strong>statim,</strong></span> <span class='ocrx_word' id='word_1_62' title='bbox 1173 1013 1284 1112; x_wconf 65' lang='lat' dir='ltr'><strong>holquq</strong></span> 
     </span>
     <span class='ocr_line' id='line_1_11' title="bbox 347 1097 1284 1188; baseline 0 -26"><span class='ocrx_word' id='word_1_63' title='bbox 347 1103 477 1170; x_wconf 81' lang='lat' dir='ltr'><strong>rocellit</strong></span> <span class='ocrx_word' id='word_1_64' title='bbox 496 1103 634 1164; x_wconf 86' lang='lat' dir='ltr'><strong>obviam.</strong></span> <span class='ocrx_word' id='word_1_65' title='bbox 677 1103 776 1166; x_wconf 84' lang='lat' dir='ltr'><strong>Acies</strong></span> <span class='ocrx_word' id='word_1_66' title='bbox 796 1103 960 1188; x_wconf 86' lang='lat' dir='ltr'><strong>utrimque</strong></span> <span class='ocrx_word' id='word_1_67' title='bbox 982 1105 1031 1165; x_wconf 89' lang='lat' dir='ltr'><strong>sic</strong></span> <span class='ocrx_word' id='word_1_68' title='bbox 1053 1101 1203 1165; x_wconf 89' lang='lat' dir='ltr'><strong>ordinata</strong></span> <span class='ocrx_word' id='word_1_69' title='bbox 1226 1097 1284 1162; x_wconf 83' lang='lat' dir='ltr'><strong>ilett</strong></span> 
     </span>
    </p>
   </div>
   <div class='ocr_carea' id='block_1_9' title="bbox 143 1125 1284 1328">
    <p class='ocr_par' dir='ltr' id='par_1_9' title="bbox 143 1125 1284 1328">
     <span class='ocr_line' id='line_1_12' title="bbox 143 1125 1284 1328; baseline 0.007 -90"><span class='ocrx_word' id='word_1_70' title='bbox 143 1165 224 1220; x_wconf 60' lang='grc' dir='ltr'><strong>Μ’*</strong></span> <span class='ocrx_word' id='word_1_71' title='bbox 234 1165 309 1224; x_wconf 67' lang='lat'><em>1²⁹⁶·</em></span> <span class='ocrx_word' id='word_1_72' title='bbox 322 1125 462 1246; x_wconf 59' lang='lat' dir='ltr'><strong>linillro</strong></span> <span class='ocrx_word' id='word_1_73' title='bbox 475 1182 625 1328; x_wconf 77' lang='lat' dir='ltr'><strong>Pompeii</strong></span> <span class='ocrx_word' id='word_1_74' title='bbox 641 1205 762 1256; x_wconf 91' lang='lat' dir='ltr'><strong>cornu,</strong></span> <span class='ocrx_word' id='word_1_75' title='bbox 786 1205 857 1247; x_wconf 89' lang='lat' dir='ltr'><strong>cum</strong></span> <span class='ocrx_word' id='word_1_76' title='bbox 876 1185 1000 1249; x_wconf 90' lang='lat' dir='ltr'><strong>duabus</strong></span> <span class='ocrx_word' id='word_1_77' title='bbox 1019 1183 1219 1269; x_wconf 80' lang='lat' dir='ltr'><strong>legionibus,</strong></span> <span class='ocrx_word' id='word_1_78' title='bbox 1242 1185 1284 1264; x_wconf 73' lang='lat' dir='ltr'><strong>qut</strong></span> 
     </span>
    </p>
   </div>
   <div class='ocr_carea' id='block_1_10' title="bbox 318 1263 1285 1846">
    <p class='ocr_par' dir='ltr' id='par_1_10' title="bbox 318 1263 1285 1846">
     <span class='ocr_line' id='line_1_13' title="bbox 321 1263 1282 1366; baseline -0.006 -38"><span class='ocrx_word' id='word_1_79' title='bbox 321 1288 383 1366; x_wconf 89' lang='lat' dir='ltr'><strong>per</strong></span> <span class='ocrx_word' id='word_1_80' title='bbox 401 1265 535 1329; x_wconf 83' lang='lat' dir='ltr'><strong>caullam</strong></span> <span class='ocrx_word' id='word_1_81' title='bbox 580 1267 635 1330; x_wconf 87' lang='lat' dir='ltr'><strong>elli</strong></span> <span class='ocrx_word' id='word_1_82' title='bbox 645 1265 793 1330; x_wconf 88' lang='lat' dir='ltr'><strong>Parthici</strong></span> <span class='ocrx_word' id='word_1_83' title='bbox 811 1269 963 1337; x_wconf 89' lang='lat' dir='ltr'><strong>abductas</strong></span> <span class='ocrx_word' id='word_1_84' title='bbox 980 1269 1149 1330; x_wconf 87' lang='lat' dir='ltr'><strong>aCaesare</strong></span> <span class='ocrx_word' id='word_1_85' title='bbox 1169 1263 1282 1324; x_wconf 83' lang='lat' dir='ltr'><strong>diximu</strong></span> 
     </span>
     <span class='ocr_line' id='line_1_14' title="bbox 321 1345 1285 1436; baseline -0.007 -24"><span class='ocrx_word' id='word_1_86' title='bbox 321 1369 393 1433; x_wconf 81' lang='lat' dir='ltr'><strong>ipae</strong></span> <span class='ocrx_word' id='word_1_87' title='bbox 412 1369 483 1409; x_wconf 91' lang='lat' dir='ltr'><strong>cum</strong></span> <span class='ocrx_word' id='word_1_88' title='bbox 499 1351 536 1412; x_wconf 86' lang='lat' dir='ltr'><strong>L.</strong></span> <span class='ocrx_word' id='word_1_89' title='bbox 552 1348 698 1410; x_wconf 90' lang='lat' dir='ltr'><strong>Domitio</strong></span> <span class='ocrx_word' id='word_1_90' title='bbox 716 1349 875 1430; x_wconf 69' lang='lat' dir='ltr'><strong>constitit&#39;3</strong></span> <span class='ocrx_word' id='word_1_91' title='bbox 906 1349 1056 1436; x_wconf 81' lang='lat' dir='ltr'><strong>Scipioni</strong></span> <span class='ocrx_word' id='word_1_92' title='bbox 1080 1359 1152 1409; x_wconf 86' lang='lat' dir='ltr'><strong>cum</strong></span> <span class='ocrx_word' id='word_1_93' title='bbox 1179 1345 1285 1430; x_wconf 79' lang='lat' dir='ltr'><strong>Syriaq</strong></span> 
     </span>
     <span class='ocr_line' id='line_1_15' title="bbox 319 1427 1285 1515; baseline -0.008 -21"><span class='ocrx_word' id='word_1_94' title='bbox 319 1429 506 1515; x_wconf 81' lang='lat' dir='ltr'><strong>legionibus</strong></span> <span class='ocrx_word' id='word_1_95' title='bbox 532 1431 672 1494; x_wconf 86' lang='lat' dir='ltr'><strong>mediam</strong></span> <span class='ocrx_word' id='word_1_96' title='bbox 697 1431 800 1494; x_wconf 90' lang='lat' dir='ltr'><strong>aciem</strong></span> <span class='ocrx_word' id='word_1_97' title='bbox 827 1435 1051 1495; x_wconf 81' lang='lat' dir='ltr'><strong>commiserat:</strong></span> <span class='ocrx_word' id='word_1_98' title='bbox 1076 1427 1241 1492; x_wconf 85' lang='lat' dir='ltr'><strong>cobortes</strong></span> <span class='ocrx_word' id='word_1_99' title='bbox 1258 1427 1285 1494; x_wconf 78' lang='lat' dir='ltr'><strong>tl</strong></span> 
     </span>
     <span class='ocr_line' id='line_1_16' title="bbox 321 1509 1285 1609; baseline -0.006 -34"><span class='ocrx_word' id='word_1_100' title='bbox 321 1535 451 1609; x_wconf 86' lang='lat' dir='ltr'><strong>spanae,</strong></span> <span class='ocrx_word' id='word_1_101' title='bbox 475 1533 554 1598; x_wconf 87' lang='lat' dir='ltr'><strong>quas</strong></span> <span class='ocrx_word' id='word_1_102' title='bbox 570 1533 681 1576; x_wconf 87' lang='lat' dir='ltr'><strong>secum</strong></span> <span class='ocrx_word' id='word_1_103' title='bbox 696 1514 851 1576; x_wconf 79' lang='lat' dir='ltr'><strong>Afranius</strong></span> <span class='ocrx_word' id='word_1_104' title='bbox 868 1515 1057 1586; x_wconf 84' lang='lat' dir='ltr'><strong>deduxerat,</strong></span> <span class='ocrx_word' id='word_1_105' title='bbox 1077 1528 1149 1574; x_wconf 86' lang='lat' dir='ltr'><strong>cum</strong></span> <span class='ocrx_word' id='word_1_106' title='bbox 1167 1509 1285 1574; x_wconf 84' lang='lat' dir='ltr'><strong>Ciliciel</strong></span> 
     </span>
     <span class='ocr_line' id='line_1_17' title="bbox 320 1595 1283 1682; baseline -0.005 -25"><span class='ocrx_word' id='word_1_107' title='bbox 320 1615 351 1657; x_wconf 85' lang='lat' dir='ltr'><strong>st</strong></span> <span class='ocrx_word' id='word_1_108' title='bbox 368 1595 499 1682; x_wconf 79' lang='lat' dir='ltr'><strong>lagiope</strong></span> <span class='ocrx_word' id='word_1_109' title='bbox 518 1595 667 1657; x_wconf 87' lang='lat' dir='ltr'><strong>dextrum</strong></span> <span class='ocrx_word' id='word_1_110' title='bbox 685 1615 788 1658; x_wconf 90' lang='lat' dir='ltr'><strong>cornu</strong></span> <span class='ocrx_word' id='word_1_111' title='bbox 802 1598 1003 1662; x_wconf 83' lang='lat' dir='ltr'><strong>obtinebant.</strong></span> <span class='ocrx_word' id='word_1_112' title='bbox 1026 1595 1090 1657; x_wconf 89' lang='lat' dir='ltr'><strong>hoc</strong></span> <span class='ocrx_word' id='word_1_113' title='bbox 1106 1606 1179 1656; x_wconf 88' lang='lat' dir='ltr'><strong>erat</strong></span> <span class='ocrx_word' id='word_1_114' title='bbox 1195 1612 1283 1654; x_wconf 82' lang='lat' dir='ltr'><strong>exerc</strong></span> 
     </span>
     <span class='ocr_line' id='line_1_18' title="bbox 318 1675 1285 1764; baseline -0.007 -24"><span class='ocrx_word' id='word_1_115' title='bbox 318 1689 371 1740; x_wconf 86' lang='lat' dir='ltr'><strong>tus</strong></span> <span class='ocrx_word' id='word_1_116' title='bbox 385 1675 577 1761; x_wconf 83' lang='lat' dir='ltr'><strong>Pompeiani</strong></span> <span class='ocrx_word' id='word_1_117' title='bbox 594 1677 706 1740; x_wconf 88' lang='lat' dir='ltr'><strong>robur.</strong></span> <span class='ocrx_word' id='word_1_118' title='bbox 739 1681 882 1741; x_wconf 91' lang='lat' dir='ltr'><strong>tironum</strong></span> <span class='ocrx_word' id='word_1_119' title='bbox 906 1679 1054 1764; x_wconf 86' lang='lat' dir='ltr'><strong>legiones</strong></span> <span class='ocrx_word' id='word_1_120' title='bbox 1075 1677 1164 1738; x_wconf 86' lang='lat' dir='ltr'><strong>inter</strong></span> <span class='ocrx_word' id='word_1_121' title='bbox 1183 1675 1285 1736; x_wconf 81' lang='lat' dir='ltr'><strong>mediat</strong></span> 
     </span>
     <span class='ocr_line' id='line_1_19' title="bbox 319 1755 1285 1846; baseline -0.007 -25"><span class='ocrx_word' id='word_1_122' title='bbox 319 1759 421 1821; x_wconf 87' lang='lat' dir='ltr'><strong>aciem</strong></span> <span class='ocrx_word' id='word_1_123' title='bbox 442 1773 474 1821; x_wconf 88' lang='lat' dir='ltr'><strong>et</strong></span> <span class='ocrx_word' id='word_1_124' title='bbox 492 1779 613 1820; x_wconf 89' lang='lat' dir='ltr'><strong>cornua</strong></span> <span class='ocrx_word' id='word_1_125' title='bbox 630 1759 851 1842; x_wconf 80' lang='lat' dir='ltr'><strong>interjecerat.</strong></span> <span class='ocrx_word' id='word_1_126' title='bbox 882 1761 1056 1846; x_wconf 82' lang='lat' dir='ltr'><strong>Quaelibet</strong></span> <span class='ocrx_word' id='word_1_127' title='bbox 1068 1760 1155 1822; x_wconf 88' lang='lat' dir='ltr'><strong>acies</strong></span> <span class='ocrx_word' id='word_1_128' title='bbox 1169 1755 1285 1819; x_wconf 83' lang='lat' dir='ltr'><strong>denosl</strong></span> 
     </span>
    </p>
   </div>
   <div class='ocr_carea' id='block_1_11' title="bbox 319 1839 1286 1907">
    <p class='ocr_par' dir='ltr' id='par_1_11' title="bbox 319 1839 1286 1907">
     <span class='ocr_line' id='line_1_20' title="bbox 319 1839 1286 1907; baseline -0.001 -6"><span class='ocrx_word' id='word_1_129' title='bbox 319 1839 523 1904; x_wconf 88' lang='lat' dir='ltr'><strong>latitudinem</strong></span> <span class='ocrx_word' id='word_1_130' title='bbox 552 1841 687 1904; x_wconf 87' lang='lat' dir='ltr'><strong>ordines</strong></span> <span class='ocrx_word' id='word_1_131' title='bbox 712 1841 862 1907; x_wconf 84' lang='lat' dir='ltr'><strong>habebat.</strong></span> <span class='ocrx_word' id='word_1_132' title='bbox 913 1843 1065 1906; x_wconf 88' lang='lat' dir='ltr'><strong>Peditum</strong></span> <span class='ocrx_word' id='word_1_133' title='bbox 1089 1841 1142 1902; x_wconf 86' lang='lat' dir='ltr'><strong>his</strong></span> <span class='ocrx_word' id='word_1_134' title='bbox 1170 1839 1286 1901; x_wconf 86' lang='lat' dir='ltr'><strong>omnibt</strong></span> 
     </span>
    </p>
   </div>
   <div class='ocr_carea' id='block_1_12' title="bbox 248 1911 1286 2010">
    <p class='ocr_par' dir='ltr' id='par_1_12' title="bbox 248 1911 1286 2010">
     <span class='ocr_line' id='line_1_21' title="bbox 248 1911 1286 2010; baseline -0.001 -30"><span class='ocrx_word' id='word_1_135' title='bbox 248 1971 252 1980; x_wconf 20' lang='grc' dir='ltr'><strong>Α</strong></span> <span class='ocrx_word' id='word_1_136' title='bbox 318 1925 538 1985; x_wconf 86' lang='lat' dir='ltr'><strong>Romanorum</strong></span> <span class='ocrx_word' id='word_1_137' title='bbox 555 1923 768 2008; x_wconf 87' lang='lat' dir='ltr'><strong>quadraginta</strong></span> <span class='ocrx_word' id='word_1_138' title='bbox 785 1926 928 2010; x_wconf 86' lang='lat' dir='ltr'><strong>quinque</strong></span> <span class='ocrx_word' id='word_1_139' title='bbox 945 1925 1046 1987; x_wconf 90' lang='lat' dir='ltr'><strong>millia</strong></span> <span class='ocrx_word' id='word_1_140' title='bbox 1056 1911 1286 1986; x_wconf 79' lang='lat' dir='ltr'><strong>continebantd</strong></span> 
     </span>
    </p>
   </div>
   <div class='ocr_carea' id='block_1_13' title="bbox 316 2006 1286 2172">
    <p class='ocr_par' dir='ltr' id='par_1_13' title="bbox 316 2006 1286 2172">
     <span class='ocr_line' id='line_1_22' title="bbox 316 2006 1286 2172; baseline 0.092 -108"><span class='ocrx_word' id='word_1_141' title='bbox 316 2006 489 2088; x_wconf 83' lang='lat' dir='ltr'><strong>Equitatus</strong></span> <span class='ocrx_word' id='word_1_142' title='bbox 516 2006 588 2068; x_wconf 80' lang='lat' dir='ltr'><strong>tere</strong></span> <span class='ocrx_word' id='word_1_143' title='bbox 616 2009 744 2082; x_wconf 64' lang='lat'>⁰¹¹¹¹¹5⁵2</span> <span class='ocrx_word' id='word_1_144' title='bbox 778 2022 811 2070; x_wconf 46' lang='grc' dir='ltr'><strong>εἰ</strong></span> <span class='ocrx_word' id='word_1_145' title='bbox 840 2009 927 2092; x_wconf 83' lang='lat' dir='ltr'><strong>quod</strong></span> <span class='ocrx_word' id='word_1_146' title='bbox 956 2007 1286 2172; x_wconf 48' lang='lat' dir='ltr'><strong>”lilaldlllll‘llucdllllll</strong></span> 
     </span>
    </p>
   </div>
   <div class='ocr_carea' id='block_1_14' title="bbox 318 2167 1286 2338">
    <p class='ocr_par' dir='ltr' id='par_1_14' title="bbox 318 2167 1286 2338">
     <span class='ocr_line' id='line_1_23' title="bbox 318 2167 1286 2266; baseline -0.005 -36"><span class='ocrx_word' id='word_1_147' title='bbox 318 2169 396 2230; x_wconf 88' lang='lat' dir='ltr'><strong>salia</strong></span> <span class='ocrx_word' id='word_1_148' title='bbox 413 2171 551 2232; x_wconf 87' lang='lat' dir='ltr'><strong>locatum</strong></span> <span class='ocrx_word' id='word_1_149' title='bbox 568 2167 628 2233; x_wconf 73' lang='lat' dir='ltr'><strong>etta</strong></span> <span class='ocrx_word' id='word_1_150' title='bbox 651 2170 786 2244; x_wconf 71' lang='lat' dir='ltr'><strong>«lextra,</strong></span> <span class='ocrx_word' id='word_1_151' title='bbox 809 2173 896 2256; x_wconf 90' lang='lat' dir='ltr'><strong>quod</strong></span> <span class='ocrx_word' id='word_1_152' title='bbox 913 2171 1033 2233; x_wconf 86' lang='lat' dir='ltr'><strong>llumen</strong></span> <span class='ocrx_word' id='word_1_153' title='bbox 1051 2171 1203 2266; x_wconf 89' lang='lat' dir='ltr'><strong>Enipeus</strong></span> <span class='ocrx_word' id='word_1_154' title='bbox 1219 2169 1286 2264; x_wconf 69' lang='lat' dir='ltr'><strong>imp&lt;</strong></span> 
     </span>
     <span class='ocr_line' id='line_1_24' title="bbox 318 2251 1277 2338; baseline -0.004 -26"><span class='ocrx_word' id='word_1_155' title='bbox 318 2251 396 2313; x_wconf 90' lang='lat' dir='ltr'><strong>ditis</strong></span> <span class='ocrx_word' id='word_1_156' title='bbox 412 2253 495 2338; x_wconf 86' lang='lat' dir='ltr'><strong>ripis</strong></span> <span class='ocrx_word' id='word_1_157' title='bbox 513 2251 694 2332; x_wconf 78' lang='lat' dir='ltr'><strong>muniebat,</strong></span> <span class='ocrx_word' id='word_1_158' title='bbox 719 2255 865 2318; x_wconf 86' lang='lat' dir='ltr'><strong>sexcenti</strong></span> <span class='ocrx_word' id='word_1_159' title='bbox 883 2253 1040 2318; x_wconf 83' lang='lat' dir='ltr'><strong>sufficere</strong></span> <span class='ocrx_word' id='word_1_160' title='bbox 1056 2266 1190 2336; x_wconf 78' lang='lat' dir='ltr'><strong>equites</strong></span> <span class='ocrx_word' id='word_1_161' title='bbox 1205 2271 1277 2316; x_wconf 69' lang='lat' dir='ltr'><strong>arsi.</strong></span> 
     </span>
    </p>
   </div>
   <div class='ocr_carea' id='block_1_15' title="bbox 41 2343 1287 2442">
    <p class='ocr_par' dir='ltr' id='par_1_15' title="bbox 41 2343 1287 2442">
     <span class='ocr_line' id='line_1_25' title="bbox 41 2343 1287 2442; baseline -0.002 -22"><span class='ocrx_word' id='word_1_162' title='bbox 41 2416 46 2425; x_wconf 79' lang='grc'>,</span> <span class='ocrx_word' id='word_1_163' title='bbox 151 2343 306 2402; x_wconf 58' lang='grc' dir='ltr'><em>Α”ΜΜ-</em></span> <span class='ocrx_word' id='word_1_164' title='bbox 380 2359 493 2422; x_wconf 82' lang='lat' dir='ltr'><strong>Llllll.</strong></span> <span class='ocrx_word' id='word_1_165' title='bbox 525 2361 568 2423; x_wconf 79' lang='lat' dir='ltr'><strong>At</strong></span> <span class='ocrx_word' id='word_1_166' title='bbox 587 2361 725 2434; x_wconf 87' lang='lat' dir='ltr'><strong>Caesar,</strong></span> <span class='ocrx_word' id='word_1_167' title='bbox 747 2361 796 2423; x_wconf 86' lang='lat' dir='ltr'><strong>uti</strong></span> <span class='ocrx_word' id='word_1_168' title='bbox 819 2373 1053 2434; x_wconf 86' lang='lat' dir='ltr'><strong>consueverat,</strong></span> <span class='ocrx_word' id='word_1_169' title='bbox 1075 2357 1244 2442; x_wconf 87' lang='lat' dir='ltr'><strong>legionem</strong></span> <span class='ocrx_word' id='word_1_170' title='bbox 1263 2349 1287 2428; x_wconf 80' lang='lat' dir='ltr'><strong>dl</strong></span> 
     </span>
    </p>
   </div>
   <div class='ocr_carea' id='block_1_16' title="bbox 129 2415 215 2468">
    <p class='ocr_par' dir='ltr' id='par_1_16' title="bbox 129 2415 215 2468">
     <span class='ocr_line' id='line_1_26' title="bbox 129 2415 215 2468; baseline 0.047 -4"><span class='ocrx_word' id='word_1_171' title='bbox 129 2415 215 2468; x_wconf 73' lang='lat' dir='ltr'><strong>rarle.</strong></span> 
     </span>
    </p>
   </div>
   <div class='ocr_carea' id='block_1_17' title="bbox 319 2437 1287 2606">
    <p class='ocr_par' dir='ltr' id='par_1_17' title="bbox 319 2437 1287 2606">
     <span class='ocr_line' id='line_1_27' title="bbox 319 2437 1287 2528; baseline 0 -25"><span class='ocrx_word' id='word_1_172' title='bbox 319 2439 435 2503; x_wconf 86' lang='lat' dir='ltr'><strong>cimam</strong></span> <span class='ocrx_word' id='word_1_173' title='bbox 450 2441 485 2502; x_wconf 90' lang='lat' dir='ltr'><strong>in</strong></span> <span class='ocrx_word' id='word_1_174' title='bbox 502 2440 618 2503; x_wconf 85' lang='lat' dir='ltr'><strong>dextro</strong></span> <span class='ocrx_word' id='word_1_175' title='bbox 636 2461 750 2516; x_wconf 92' lang='lat' dir='ltr'><strong>cornu,</strong></span> <span class='ocrx_word' id='word_1_176' title='bbox 772 2463 889 2504; x_wconf 89' lang='lat' dir='ltr'><strong>nonam</strong></span> <span class='ocrx_word' id='word_1_177' title='bbox 907 2457 1118 2528; x_wconf 81' lang='lat' dir='ltr'><strong>octavamque</strong></span> <span class='ocrx_word' id='word_1_178' title='bbox 1137 2445 1171 2504; x_wconf 88' lang='lat' dir='ltr'><strong>itt</strong></span> <span class='ocrx_word' id='word_1_179' title='bbox 1191 2437 1287 2506; x_wconf 82' lang='lat' dir='ltr'><strong>sinilll</strong></span> 
     </span>
     <span class='ocr_line' id='line_1_28' title="bbox 319 2519 1287 2606; baseline 0.002 -21"><span class='ocrx_word' id='word_1_180' title='bbox 319 2519 493 2585; x_wconf 88' lang='lat' dir='ltr'><strong>eonllituit.</strong></span> <span class='ocrx_word' id='word_1_181' title='bbox 535 2523 600 2585; x_wconf 92' lang='lat' dir='ltr'><strong>Hic</strong></span> <span class='ocrx_word' id='word_1_182' title='bbox 615 2523 811 2600; x_wconf 81' lang='lat' dir='ltr'><strong>antonium,</strong></span> <span class='ocrx_word' id='word_1_183' title='bbox 835 2525 882 2588; x_wconf 92' lang='lat' dir='ltr'><strong>ibi</strong></span> <span class='ocrx_word' id='word_1_184' title='bbox 898 2527 935 2588; x_wconf 88' lang='lat' dir='ltr'><strong>P.</strong></span> <span class='ocrx_word' id='word_1_185' title='bbox 949 2525 1068 2588; x_wconf 82' lang='lat' dir='ltr'><strong>Sullam</strong></span> <span class='ocrx_word' id='word_1_186' title='bbox 1083 2545 1203 2588; x_wconf 87' lang='lat' dir='ltr'><strong>curare</strong></span> <span class='ocrx_word' id='word_1_187' title='bbox 1217 2525 1287 2606; x_wconf 70' lang='lat' dir='ltr'><strong>jullil</strong></span> 
     </span>
    </p>
   </div>
   <div class='ocr_carea' id='block_1_18' title="bbox 279 2603 1287 2693">
    <p class='ocr_par' dir='ltr' id='par_1_18' title="bbox 279 2603 1287 2693">
     <span class='ocr_line' id='line_1_29' title="bbox 279 2603 1287 2693; baseline 0.002 -27"><span class='ocrx_word' id='word_1_188' title='bbox 279 2631 283 2638; x_wconf 93' lang='lat'><em>·</em></span> <span class='ocrx_word' id='word_1_189' title='bbox 319 2603 353 2666; x_wconf 89' lang='lat' dir='ltr'><strong>in</strong></span> <span class='ocrx_word' id='word_1_190' title='bbox 373 2604 482 2667; x_wconf 91' lang='lat' dir='ltr'><strong>medio</strong></span> <span class='ocrx_word' id='word_1_191' title='bbox 502 2605 560 2666; x_wconf 86' lang='lat' dir='ltr'><strong>Cn.</strong></span> <span class='ocrx_word' id='word_1_192' title='bbox 581 2605 762 2668; x_wconf 92' lang='lat' dir='ltr'><strong>Domitium</strong></span> <span class='ocrx_word' id='word_1_193' title='bbox 782 2627 855 2670; x_wconf 90' lang='lat' dir='ltr'><strong>cum</strong></span> <span class='ocrx_word' id='word_1_194' title='bbox 874 2607 1085 2693; x_wconf 82' lang='lat' dir='ltr'><strong>quadraginta</strong></span> <span class='ocrx_word' id='word_1_195' title='bbox 1105 2605 1287 2670; x_wconf 71' lang='lat' dir='ltr'><strong>cohortibus</strong></span> 
     </span>
    </p>
   </div>
   <div class='ocr_carea' id='block_1_19' title="bbox 312 2686 1287 3584">
    <p class='ocr_par' dir='ltr' id='par_1_19' title="bbox 312 2686 1287 3584">
     <span class='ocr_line' id='line_1_30' title="bbox 318 2686 1287 2774; baseline 0.002 -26"><span class='ocrx_word' id='word_1_196' title='bbox 318 2687 391 2770; x_wconf 85' lang='lat' dir='ltr'><strong>ipse</strong></span> <span class='ocrx_word' id='word_1_197' title='bbox 409 2686 443 2746; x_wconf 91' lang='lat' dir='ltr'><strong>in</strong></span> <span class='ocrx_word' id='word_1_198' title='bbox 460 2686 576 2750; x_wconf 81' lang='lat' dir='ltr'><strong>dextro</strong></span> <span class='ocrx_word' id='word_1_199' title='bbox 596 2709 654 2750; x_wconf 88' lang='lat' dir='ltr'><strong>suo</strong></span> <span class='ocrx_word' id='word_1_200' title='bbox 675 2707 779 2752; x_wconf 92' lang='lat' dir='ltr'><strong>cornu</strong></span> <span class='ocrx_word' id='word_1_201' title='bbox 796 2691 1006 2766; x_wconf 80' lang='lat' dir='ltr'><strong>versabatur,</strong></span> <span class='ocrx_word' id='word_1_202' title='bbox 1038 2705 1073 2754; x_wconf 93' lang='lat' dir='ltr'><strong>ut</strong></span> <span class='ocrx_word' id='word_1_203' title='bbox 1095 2689 1258 2774; x_wconf 81' lang='lat' dir='ltr'><strong>Pompeio</strong></span> <span class='ocrx_word' id='word_1_204' title='bbox 1282 2709 1287 2750; x_wconf 78' lang='lat' dir='ltr'><strong>t</strong></span> 
     </span>
     <span class='ocr_line' id='line_1_31' title="bbox 318 2769 1287 2853; baseline 0.001 -24"><span class='ocrx_word' id='word_1_205' title='bbox 318 2777 513 2853; x_wconf 81' lang='lat' dir='ltr'><strong>opponeret.</strong></span> <span class='ocrx_word' id='word_1_206' title='bbox 556 2769 774 2852; x_wconf 85' lang='lat' dir='ltr'><strong>Legionarios</strong></span> <span class='ocrx_word' id='word_1_207' title='bbox 793 2772 826 2834; x_wconf 92' lang='lat' dir='ltr'><strong>in</strong></span> <span class='ocrx_word' id='word_1_208' title='bbox 846 2775 949 2837; x_wconf 81' lang='lat' dir='ltr'><strong>aciem</strong></span> <span class='ocrx_word' id='word_1_209' title='bbox 969 2773 1104 2838; x_wconf 84' lang='lat' dir='ltr'><strong>deduxit</strong></span> <span class='ocrx_word' id='word_1_210' title='bbox 1124 2773 1287 2836; x_wconf 80' lang='lat' dir='ltr'><strong>universo</strong></span> 
     </span>
     <span class='ocr_line' id='line_1_32' title="bbox 317 2851 1285 2942; baseline 0.005 -33"><span class='ocrx_word' id='word_1_211' title='bbox 317 2851 419 2910; x_wconf 83' lang='lat' dir='ltr'><strong>millia</strong></span> <span class='ocrx_word' id='word_1_212' title='bbox 438 2851 574 2913; x_wconf 87' lang='lat' dir='ltr'><strong>circiter</strong></span> <span class='ocrx_word' id='word_1_213' title='bbox 592 2853 657 2914; x_wconf 93' lang='lat' dir='ltr'><strong>duo</strong></span> <span class='ocrx_word' id='word_1_214' title='bbox 678 2867 711 2916; x_wconf 92' lang='lat' dir='ltr'><strong>et</strong></span> <span class='ocrx_word' id='word_1_215' title='bbox 729 2855 858 2939; x_wconf 86' lang='lat' dir='ltr'><strong>viginti,</strong></span> <span class='ocrx_word' id='word_1_216' title='bbox 880 2857 970 2920; x_wconf 88' lang='lat' dir='ltr'><strong>mille</strong></span> <span class='ocrx_word' id='word_1_217' title='bbox 985 2855 1125 2942; x_wconf 87' lang='lat' dir='ltr'><strong>equites.</strong></span> <span class='ocrx_word' id='word_1_218' title='bbox 1153 2874 1218 2917; x_wconf 85' lang='lat' dir='ltr'><strong>nec</strong></span> <span class='ocrx_word' id='word_1_219' title='bbox 1236 2853 1285 2915; x_wconf 88' lang='lat' dir='ltr'><strong>eui</strong></span> 
     </span>
     <span class='ocr_line' id='line_1_33' title="bbox 317 2930 1287 3024; baseline 0.004 -32"><span class='ocrx_word' id='word_1_220' title='bbox 317 2945 508 3014; x_wconf 79' lang='lat' dir='ltr'><strong>exspectare</strong></span> <span class='ocrx_word' id='word_1_221' title='bbox 534 2930 672 2997; x_wconf 90' lang='lat' dir='ltr'><strong>militum</strong></span> <span class='ocrx_word' id='word_1_222' title='bbox 697 2935 796 2999; x_wconf 88' lang='lat' dir='ltr'><strong>ardor</strong></span> <span class='ocrx_word' id='word_1_223' title='bbox 819 2939 1004 3024; x_wconf 89' lang='lat' dir='ltr'><strong>patiebatur</strong></span> <span class='ocrx_word' id='word_1_224' title='bbox 1022 2938 1065 3020; x_wconf 84' lang='lat' dir='ltr'><strong>Q.</strong></span> <span class='ocrx_word' id='word_1_225' title='bbox 1084 2935 1287 3003; x_wconf 85' lang='lat' dir='ltr'><strong>Cornificiun</strong></span> 
     </span>
     <span class='ocr_line' id='line_1_34' title="bbox 316 3015 1287 3118; baseline 0.004 -44"><span class='ocrx_word' id='word_1_226' title='bbox 316 3015 372 3100; x_wconf 90' lang='lat' dir='ltr'><strong>qui</strong></span> <span class='ocrx_word' id='word_1_227' title='bbox 400 3015 479 3079; x_wconf 86' lang='lat' dir='ltr'><strong>duas</strong></span> <span class='ocrx_word' id='word_1_228' title='bbox 506 3015 687 3080; x_wconf 87' lang='lat' dir='ltr'><strong>adducebat</strong></span> <span class='ocrx_word' id='word_1_229' title='bbox 714 3019 884 3118; x_wconf 83' lang='lat' dir='ltr'><strong>legiones3</strong></span> <span class='ocrx_word' id='word_1_230' title='bbox 916 3037 969 3085; x_wconf 89' lang='lat' dir='ltr'><strong>aut</strong></span> <span class='ocrx_word' id='word_1_231' title='bbox 988 3019 1117 3086; x_wconf 84' lang='lat' dir='ltr'><strong>Fufium</strong></span> <span class='ocrx_word' id='word_1_232' title='bbox 1141 3019 1287 3083; x_wconf 80' lang='lat' dir='ltr'><strong>llalenuu</strong></span> 
     </span>
     <span class='ocr_line' id='line_1_35' title="bbox 315 3097 1287 3188; baseline 0.002 -30"><span class='ocrx_word' id='word_1_233' title='bbox 315 3098 373 3182; x_wconf 93' lang='lat' dir='ltr'><strong>qui</strong></span> <span class='ocrx_word' id='word_1_234' title='bbox 399 3119 471 3160; x_wconf 90' lang='lat' dir='ltr'><strong>cum</strong></span> <span class='ocrx_word' id='word_1_235' title='bbox 496 3097 689 3162; x_wconf 86' lang='lat' dir='ltr'><strong>cohortibus</strong></span> <span class='ocrx_word' id='word_1_236' title='bbox 712 3103 899 3188; x_wconf 78' lang='lat' dir='ltr'><strong>quindecim</strong></span> <span class='ocrx_word' id='word_1_237' title='bbox 927 3118 997 3167; x_wconf 87' lang='lat' dir='ltr'><strong>erat</strong></span> <span class='ocrx_word' id='word_1_238' title='bbox 1024 3103 1059 3166; x_wconf 92' lang='lat' dir='ltr'><strong>in</strong></span> <span class='ocrx_word' id='word_1_239' title='bbox 1082 3103 1204 3168; x_wconf 79' lang='lat' dir='ltr'><strong>Attica.</strong></span> <span class='ocrx_word' id='word_1_240' title='bbox 1250 3101 1287 3160; x_wconf 70' lang='lat' dir='ltr'><strong>Ha</strong></span> 
     </span>
     <span class='ocr_line' id='line_1_36' title="bbox 315 3179 1287 3266; baseline 0.004 -27"><span class='ocrx_word' id='word_1_241' title='bbox 315 3179 431 3243; x_wconf 85' lang='lat' dir='ltr'><strong>civiles</strong></span> <span class='ocrx_word' id='word_1_242' title='bbox 448 3183 612 3266; x_wconf 85' lang='lat' dir='ltr'><strong>utrimque</strong></span> <span class='ocrx_word' id='word_1_243' title='bbox 630 3184 720 3248; x_wconf 82' lang='lat' dir='ltr'><strong>vires</strong></span> <span class='ocrx_word' id='word_1_244' title='bbox 736 3183 848 3250; x_wconf 75' lang='lat' dir='ltr'><strong>lueret</strong></span> <span class='ocrx_word' id='word_1_245' title='bbox 870 3185 1064 3250; x_wconf 86' lang='lat' dir='ltr'><strong>auxiliorum</strong></span> <span class='ocrx_word' id='word_1_246' title='bbox 1079 3205 1238 3248; x_wconf 88' lang='lat' dir='ltr'><strong>numerus</strong></span> <span class='ocrx_word' id='word_1_247' title='bbox 1255 3203 1287 3244; x_wconf 89' lang='lat' dir='ltr'><strong>an</strong></span> 
     </span>
     <span class='ocr_line' id='line_1_37' title="bbox 313 3261 1287 3349; baseline 0.002 -27"><span class='ocrx_word' id='word_1_248' title='bbox 313 3261 404 3344; x_wconf 83' lang='lat' dir='ltr'><strong>plior</strong></span> <span class='ocrx_word' id='word_1_249' title='bbox 420 3263 549 3349; x_wconf 85' lang='lat' dir='ltr'><strong>utique,</strong></span> <span class='ocrx_word' id='word_1_250' title='bbox 575 3263 634 3326; x_wconf 89' lang='lat' dir='ltr'><strong>sed</strong></span> <span class='ocrx_word' id='word_1_251' title='bbox 651 3267 741 3331; x_wconf 86' lang='lat' dir='ltr'><strong>varie</strong></span> <span class='ocrx_word' id='word_1_252' title='bbox 760 3269 909 3334; x_wconf 89' lang='lat' dir='ltr'><strong>traditus.</strong></span> <span class='ocrx_word' id='word_1_253' title='bbox 952 3268 1047 3330; x_wconf 87' lang='lat' dir='ltr'><strong>Haud</strong></span> <span class='ocrx_word' id='word_1_254' title='bbox 1063 3268 1171 3329; x_wconf 85' lang='lat' dir='ltr'><strong>minus</strong></span> <span class='ocrx_word' id='word_1_255' title='bbox 1186 3281 1287 3330; x_wconf 79' lang='lat' dir='ltr'><strong>trecet</strong></span> 
     </span>
     <span class='ocr_line' id='line_1_38' title="bbox 314 3345 1287 3449; baseline -0.002 -40"><span class='ocrx_word' id='word_1_256' title='bbox 314 3351 345 3409; x_wconf 86' lang='lat' dir='ltr'><strong>t&#39;a</strong></span> <span class='ocrx_word' id='word_1_257' title='bbox 370 3345 472 3407; x_wconf 90' lang='lat' dir='ltr'><strong>millia</strong></span> <span class='ocrx_word' id='word_1_258' title='bbox 498 3347 652 3431; x_wconf 81' lang='lat' dir='ltr'><strong>pugnall&#39;e</strong></span> <span class='ocrx_word' id='word_1_259' title='bbox 679 3349 827 3434; x_wconf 90' lang='lat' dir='ltr'><strong>quidam,</strong></span> <span class='ocrx_word' id='word_1_260' title='bbox 859 3351 915 3449; x_wconf 88' lang='lat' dir='ltr'><strong>qui</strong></span> <span class='ocrx_word' id='word_1_261' title='bbox 933 3349 1127 3436; x_wconf 76' lang='lat' dir='ltr'><strong>plurimum,</strong></span> <span class='ocrx_word' id='word_1_262' title='bbox 1161 3349 1287 3434; x_wconf 70' lang='lat' dir='ltr'><strong>quadril</strong></span> 
     </span>
     <span class='ocr_line' id='line_1_39' title="bbox 312 3430 1287 3515; baseline -0.003 -24"><span class='ocrx_word' id='word_1_263' title='bbox 312 3443 408 3512; x_wconf 88' lang='lat' dir='ltr'><strong>genta</strong></span> <span class='ocrx_word' id='word_1_264' title='bbox 429 3445 564 3513; x_wconf 88' lang='lat' dir='ltr'><strong>ponunt.</strong></span> <span class='ocrx_word' id='word_1_265' title='bbox 598 3432 664 3494; x_wconf 85' lang='lat' dir='ltr'><strong>Sed</strong></span> <span class='ocrx_word' id='word_1_266' title='bbox 678 3435 808 3508; x_wconf 87' lang='lat' dir='ltr'><strong>Caesar,</strong></span> <span class='ocrx_word' id='word_1_267' title='bbox 831 3432 1058 3496; x_wconf 76' lang='lat' dir='ltr'><strong>animadverso</strong></span> <span class='ocrx_word' id='word_1_268' title='bbox 1069 3430 1224 3515; x_wconf 78' lang='lat' dir='ltr'><strong>Pompeii</strong></span> <span class='ocrx_word' id='word_1_269' title='bbox 1241 3450 1287 3491; x_wconf 78' lang='lat' dir='ltr'><strong>cor</strong></span> 
     </span>
     <span class='ocr_line' id='line_1_40' title="bbox 313 3511 1287 3584; baseline -0.002 -11"><span class='ocrx_word' id='word_1_270' title='bbox 313 3512 408 3582; x_wconf 91' lang='lat' dir='ltr'><strong>silio,</strong></span> <span class='ocrx_word' id='word_1_271' title='bbox 437 3532 478 3574; x_wconf 86' lang='lat' dir='ltr'><strong>oe</strong></span> <span class='ocrx_word' id='word_1_272' title='bbox 497 3511 646 3576; x_wconf 84' lang='lat' dir='ltr'><strong>dextrum</strong></span> <span class='ocrx_word' id='word_1_273' title='bbox 660 3537 760 3576; x_wconf 63' lang='lat' dir='ltr'><strong>,suum</strong></span> <span class='ocrx_word' id='word_1_274' title='bbox 780 3523 883 3578; x_wconf 82' lang='lat' dir='ltr'><strong>co&#39;rnu</strong></span> <span class='ocrx_word' id='word_1_275' title='bbox 902 3513 1221 3584; x_wconf 85' lang='lat' dir='ltr'><strong>circumveniretur,</strong></span> <span class='ocrx_word' id='word_1_276' title='bbox 1249 3532 1287 3571; x_wconf 70' lang='lat' dir='ltr'><strong>m&lt;</strong></span> 
     </span>
    </p>
   </div>
   <div class='ocr_carea' id='block_1_20' title="bbox 164 3593 1287 3670">
    <p class='ocr_par' dir='ltr' id='par_1_20' title="bbox 164 3593 1287 3670">
     <span class='ocr_line' id='line_1_41' title="bbox 164 3593 1287 3670; baseline -0.004 -14"><span class='ocrx_word' id='word_1_277' title='bbox 164 3653 168 3664; x_wconf 88' lang='grc'><em>,</em></span> <span class='ocrx_word' id='word_1_278' title='bbox 206 3607 213 3618; x_wconf 78' lang='grc'><strong>’</strong></span> <span class='ocrx_word' id='word_1_279' title='bbox 310 3593 424 3666; x_wconf 85' lang='lat' dir='ltr'><strong>tuens,</strong></span> <span class='ocrx_word' id='word_1_280' title='bbox 449 3595 602 3657; x_wconf 79' lang='lat' dir='ltr'><strong>extantia</strong></span> <span class='ocrx_word' id='word_1_281' title='bbox 620 3598 710 3670; x_wconf 87' lang='lat' dir='ltr'><strong>acie,</strong></span> <span class='ocrx_word' id='word_1_282' title='bbox 732 3597 789 3660; x_wconf 90' lang='lat' dir='ltr'><strong>ubi</strong></span> <span class='ocrx_word' id='word_1_283' title='bbox 802 3599 967 3661; x_wconf 87' lang='lat' dir='ltr'><strong>Domitius</strong></span> <span class='ocrx_word' id='word_1_284' title='bbox 982 3595 1133 3670; x_wconf 85' lang='lat' dir='ltr'><strong>curabat,</strong></span> <span class='ocrx_word' id='word_1_285' title='bbox 1157 3593 1287 3657; x_wconf 81' lang='lat' dir='ltr'><strong>celeritt</strong></span> 
     </span>
    </p>
   </div>
   <div class='ocr_carea' id='block_1_21' title="bbox 311 3675 1287 3930">
    <p class='ocr_par' dir='ltr' id='par_1_21' title="bbox 311 3675 1287 3930">
     <span class='ocr_line' id='line_1_42' title="bbox 312 3675 1287 3764; baseline -0.005 -24"><span class='ocrx_word' id='word_1_286' title='bbox 312 3695 370 3740; x_wconf 85' lang='lat' dir='ltr'><strong>sex</strong></span> <span class='ocrx_word' id='word_1_287' title='bbox 393 3675 547 3742; x_wconf 89' lang='lat' dir='ltr'><strong>cohortes</strong></span> <span class='ocrx_word' id='word_1_288' title='bbox 573 3677 733 3756; x_wconf 85' lang='lat' dir='ltr'><strong>detraxit,</strong></span> <span class='ocrx_word' id='word_1_289' title='bbox 755 3685 797 3742; x_wconf 87' lang='lat' dir='ltr'><strong>&#39;et</strong></span> <span class='ocrx_word' id='word_1_290' title='bbox 816 3701 856 3742; x_wconf 84' lang='lat' dir='ltr'><strong>ex</strong></span> <span class='ocrx_word' id='word_1_291' title='bbox 875 3681 927 3743; x_wconf 85' lang='lat' dir='ltr'><strong>hia</strong></span> <span class='ocrx_word' id='word_1_292' title='bbox 947 3692 1093 3764; x_wconf 85' lang='lat' dir='ltr'><strong>quartam</strong></span> <span class='ocrx_word' id='word_1_293' title='bbox 1111 3676 1287 3740; x_wconf 74' lang='lat' dir='ltr'><strong>inllruxitr</strong></span> 
     </span>
     <span class='ocr_line' id='line_1_43' title="bbox 311 3757 1286 3846; baseline -0.004 -22"><span class='ocrx_word' id='word_1_294' title='bbox 311 3761 396 3824; x_wconf 89' lang='lat' dir='ltr'><strong>ciem</strong></span> <span class='ocrx_word' id='word_1_295' title='bbox 416 3757 456 3821; x_wconf 92' lang='lat' dir='ltr'><strong>ad</strong></span> <span class='ocrx_word' id='word_1_296' title='bbox 477 3781 531 3822; x_wconf 89' lang='lat' dir='ltr'><strong>res</strong></span> <span class='ocrx_word' id='word_1_297' title='bbox 551 3761 684 3824; x_wconf 86' lang='lat' dir='ltr'><strong>subitas.</strong></span> <span class='ocrx_word' id='word_1_298' title='bbox 728 3761 852 3826; x_wconf 83' lang='lat' dir='ltr'><strong>lbidern</strong></span> <span class='ocrx_word' id='word_1_299' title='bbox 878 3780 912 3828; x_wconf 86' lang='lat' dir='ltr'><strong>et</strong></span> <span class='ocrx_word' id='word_1_300' title='bbox 931 3761 1061 3846; x_wconf 86' lang='lat' dir='ltr'><strong>equites</strong></span> <span class='ocrx_word' id='word_1_301' title='bbox 1081 3779 1158 3822; x_wconf 84' lang='lat' dir='ltr'><strong>suos</strong></span> <span class='ocrx_word' id='word_1_302' title='bbox 1176 3759 1286 3821; x_wconf 81' lang='lat' dir='ltr'><strong>locari</strong></span> 
     </span>
     <span class='ocr_line' id='line_1_44' title="bbox 312 3841 1287 3930; baseline -0.003 -27"><span class='ocrx_word' id='word_1_303' title='bbox 312 3843 388 3929; x_wconf 88' lang='lat' dir='ltr'><strong>quia</strong></span> <span class='ocrx_word' id='word_1_304' title='bbox 406 3841 568 3905; x_wconf 85' lang='lat' dir='ltr'><strong>sinistrum</strong></span> <span class='ocrx_word' id='word_1_305' title='bbox 586 3863 700 3918; x_wconf 87' lang='lat' dir='ltr'><strong>cornu,</strong></span> <span class='ocrx_word' id='word_1_306' title='bbox 721 3844 893 3928; x_wconf 87' lang='lat' dir='ltr'><strong>paludibus</strong></span> <span class='ocrx_word' id='word_1_307' title='bbox 908 3844 1114 3930; x_wconf 86' lang='lat' dir='ltr'><strong>applicatum,</strong></span> <span class='ocrx_word' id='word_1_308' title='bbox 1137 3842 1202 3904; x_wconf 85' lang='lat' dir='ltr'><strong>hoe</strong></span> <span class='ocrx_word' id='word_1_309' title='bbox 1220 3862 1287 3926; x_wconf 70' lang='lat' dir='ltr'><strong>prat</strong></span> 
     </span>
    </p>
   </div>
   <div class='ocr_carea' id='block_1_22' title="bbox 309 3969 645 3985">
    <p class='ocr_par' dir='ltr' id='par_1_22' title="bbox 309 3969 645 3985">
     <span class='ocr_line' id='line_1_45' title="bbox 309 3969 645 3985; baseline 0 -2"><span class='ocrx_word' id='word_1_310' title='bbox 309 3969 645 3985; x_wconf 58' lang='grc' dir='ltr'><strong><em>Μ</em></strong></span> 
     </span>
    </p>
   </div>
   <div class='ocr_carea' id='block_1_23' title="bbox 310 4027 1287 4310">
    <p class='ocr_par' dir='ltr' id='par_1_23' title="bbox 310 4027 1287 4310">
     <span class='ocr_line' id='line_1_46' title="bbox 345 4027 1287 4155; baseline -0.01 -67"><span class='ocrx_word' id='word_1_311' title='bbox 345 4031 517 4102; x_wconf 71' lang='lat' dir='ltr'><strong>Gaphxlt.</strong></span> <span class='ocrx_word' id='word_1_312' title='bbox 539 4031 624 4086; x_wconf 83' lang='lat' dir='ltr'><strong>Caes.</strong></span> <span class='ocrx_word' id='word_1_313' title='bbox 642 4031 719 4088; x_wconf 84' lang='lat' dir='ltr'><strong>Plut·</strong></span> <span class='ocrx_word' id='word_1_314' title='bbox 739 4031 824 4088; x_wconf 84' lang='lat' dir='ltr'><strong>Caes.</strong></span> <span class='ocrx_word' id='word_1_315' title='bbox 846 4032 931 4088; x_wconf 84' lang='lat' dir='ltr'><strong>Caes.</strong></span> <span class='ocrx_word' id='word_1_316' title='bbox 948 4029 1079 4155; x_wconf 72' lang='lat' dir='ltr'><strong>Appian-</strong></span> <span class='ocrx_word' id='word_1_317' title='bbox 1098 4029 1209 4084; x_wconf 77' lang='lat' dir='ltr'><strong>Lucan.</strong></span> <span class='ocrx_word' id='word_1_318' title='bbox 1228 4027 1287 4082; x_wconf 85' lang='lat' dir='ltr'><strong>Cas</strong></span> 
     </span>
     <span class='ocr_line' id='line_1_47' title="bbox 310 4095 1287 4224; baseline -0.004 -72"><span class='ocrx_word' id='word_1_319' title='bbox 310 4101 539 4168; x_wconf 80' lang='lat' dir='ltr'><strong>Frontin.a,3.</strong></span> <span class='ocrx_word' id='word_1_320' title='bbox 566 4101 650 4156; x_wconf 82' lang='lat' dir='ltr'><strong>Caes.</strong></span> <span class='ocrx_word' id='word_1_321' title='bbox 669 4101 798 4224; x_wconf 72' lang='lat' dir='ltr'><strong>Appiam</strong></span> <span class='ocrx_word' id='word_1_322' title='bbox 817 4099 954 4154; x_wconf 88' lang='lat' dir='ltr'><strong>Frontin.</strong></span> <span class='ocrx_word' id='word_1_323' title='bbox 996 4117 1082 4154; x_wconf 83' lang='lat' dir='ltr'><strong>ucau.</strong></span> <span class='ocrx_word' id='word_1_324' title='bbox 1118 4095 1287 4183; x_wconf 66' lang='lat' dir='ltr'><strong>eaput}</strong></span> 
     </span>
     <span class='ocr_line' id='line_1_48' title="bbox 311 4165 1287 4310; baseline 0.003 -19"><span class='ocrx_word' id='word_1_325' title='bbox 311 4168 397 4293; x_wconf 71' lang='lat' dir='ltr'><strong>aa:</strong></span> <span class='ocrx_word' id='word_1_326' title='bbox 417 4169 948 4310; x_wconf 66' lang='lat' dir='ltr'><strong>tlt:tttttftatatttr·</strong></span> <span class='ocrx_word' id='word_1_327' title='bbox 974 4165 1214 4244; x_wconf 66' lang='lat'><strong>⁰²‘···³¹’¹”‘¹¹·</strong></span> <span class='ocrx_word' id='word_1_328' title='bbox 1236 4165 1287 4223; x_wconf 61' lang='lat' dir='ltr'><strong>‘t</strong></span> 
     </span>
    </p>
   </div>
   <div class='ocr_carea' id='block_1_24' title="bbox 0 0 1302 4686">
    <p class='ocr_par' dir='ltr' id='par_1_24' title="bbox 0 0 1302 4686">
     <span class='ocr_line' id='line_1_49' title="bbox 0 0 1302 4686; baseline 0 1"><span class='ocrx_word' id='word_1_329' title='bbox 0 0 1302 4686; x_wconf 95' lang='lat' dir='ltr'><strong> </strong></span> 
     </span>
    </p>
   </div>
  </div>
 </body>
</html>
