2596 4686
152 313 476 382 tumetium.
500 311 614 382 cxiv.
636 309 751 380 tivit.
899 311 958 394 ²7³
1066 401 1069 408 Ι

11 535 53 594 ins
70 527 226 614 scopisque
245 527 406 590 contextis
428 541 602 612 utcumque
622 543 658 586 ao
676 523 842 608 tegebant.
890 523 957 588 Sati
986 527 1022 588 U.
1038 547 1065 586 c.
1079 531 1144 602 noi.
1164 504 1170 524 ⁶

11 616 111 678 :irritor
128 609 296 673 secundam
315 609 459 692 vigiliam
479 621 611 672 exortus
629 627 702 667 cum
720 607 879 691 grandine
897 609 957 670 im-
986 599 1024 656 l·
1039 599 1108 674 0·i
1264 597 1269 624 “

11 719 51 758 ser
68 695 189 758 tentoria
206 693 309 753 nimio
325 691 473 776 pondere
492 691 596 776 rupit,
619 703 671 759 ut,
695 689 857 751 axiiinctia
872 687 959 772 igni·

11 801 67 850 sus,
91 773 267 858 intempesta
290 787 386 836 nocte
408 774 529 836 milites
548 791 609 856 per
627 767 726 832 cniira
745 785 960 854 vagarentur,

11 861 67 920 iiiii
84 857 231 920 iubentes
250 867 382 940 praeter
400 870 508 928 scuta,
539 851 658 938 quibus
681 853 784 938 cupite
805 867 961 996 contoqu-

11 957 67 1002 rent.
102 939 217 1002 Eadem
235 951 333 1002 nocte
348 939 490 1023 pilorum
507 939 638 1021 quintae
653 933 794 1019 legionis
806 935 900 1020 cuspi
924 950 962 998 es

11 1025 94 1086 ndsrc
115 1023 211 1084 risaa.

47 1130 150 1192 XXIV.
173 1125 287 1210 Scipio
301 1123 389 1188 inter
400 1125 482 1188 haec
495 1126 606 1190 muitis
617 1127 867 1191 nunciiaJubum
883 1145 961 1188 eto·
992 1135 1140 1207 wasa.

11 1213 88 1284 nbat,
108 1223 382 1292 cunctantemque,
406 1209 494 1270 omni
513 1211 663 1292 promiiis
678 1211 802 1284 Africo,
847 1211 962 1286 uaiio·
973 1211 1152 1282 pto-trassa-

11 1295 67 1354 nani
81 1293 156 1370 juris
169 1293 265 1363 eilet,
296 1291 460 1384 permovit
477 1291 625 1366 tandem,
656 1307 690 1354 ut
705 1293 835 1356 cumtri
861 1311 899 1352 us
915 1291 963 1352 lc·
974 1283 1079 1352 tangit.

11 1375 147 1460 rioribus,
179 1387 211 1434 et
235 1372 399 1456 equitibus
421 1369 558 1434 [renatis
580 1374 799 1457 octingentis,
832 1391 963 1456 mugno-

11 1479 52 1542 que
68 1455 264 1520 Numidarum
288 1454 432 1548 equiturn
456 1469 488 1516 et
506 1455 589 1516 levis
610 1471 789 1518 srmuturse
808 1473 963 1526 numero,

11 1561 31 1600 sc
44 1535 363 1622 trigintaeiephantrs,
385 1556 489 1620 regno
504 1538 730 1620 egrederetur,
755 1537 877 1602 Subura
893 1555 965 1598 cum

35 1638 74 1682 rte
96 1621 256 1682 exercitus
280 1631 393 1678 contro
409 1618 526 1680 Sitium
548 1619 683 1698 relicto;
714 1613 770 1704 qui
789 1639 894 1704 nuper
913 1637 965 1680 cs·

11 1645 101 1764 iillum
123 1701 213 1763 omni
237 1720 347 1760 rerum
373 1699 467 1782 copia
488 1699 635 1796 locuples
658 1701 801 1784 denego
821 1711 965 1783 ceperat,

11 1785 65 1862 Ejus
85 1783 219 1846 adventu
238 1781 357 1843 Caesar
376 1781 507 1844 consilii
530 1804 579 1844 aus
603 1783 734 1868 plenum
754 1785 895 1846 iructnm
916 1794 967 1842 tn·
988 1839 991 1848 .

11 1864 145 1950 inquom
165 1863 251 1926 enim
271 1861 356 1922 hand
375 1864 490 1948 procui
511 1863 677 1948 Scipionis
697 1862 808 1933 castris
826 1863 967 1926 seorsim

11 1947 189 2018 rousediiiet,
220 1945 377 2008 simules
399 1945 587 2030 propinquo
610 1948 700 2010 sires
721 1945 792 2028 ejus
810 1941 968 2028 cognosci

11 2045 125 2114 potuere,
145 2043 252 2090 metus
263 2027 465 2090 Juliauorusu
478 2047 594 2092 versus
609 2027 643 2090 in
657 2043 874 2112 contemptum
891 2023 946 2090 est.

51 2137 139 2198 XXV.
163 2133 313 2218 Scipioni
332 2145 438 2194 tomen
459 2135 565 2196 crevit
584 2134 729 2208 animus,
757 2149 794 2198 ut
810 2131 968 2194 instrucre
996 2145 1122 2199 caeraris

11 2219 166 2290 exercitum,
193 2229 227 2278 et
244 2215 353 2300 paullo
372 2215 500 2299 longius
518 2235 535 2276 a
554 2217 622 2278 suia
640 2216 874 2278 munitionibus
889 2229 1111 2298 pro-stunt*

11 2299 79 2382 ,redi
92 2299 235 2362 auderet.
273 2299 315 2358 At
326 2297 454 2369 Cacsar,
476 2317 540 2359 uon
558 2297 641 2360 iacta
679 2295 809 2360 otsiiste
823 2283 1095 2394 puqnan-twffl·
1118 2367 1123 2375 ,

12 2383 48 2448 ti,
64 2402 153 2463 opera
171 2403 229 2442 suu
246 2379 473 2462 promovebat,
496 2377 618 2452 donec,
641 2321 681 2442 ui»
699 2379 897 2442 adversariis
913 2397 969 2442 oc·

13 2477 98 2546 cupito
113 2463 264 2546 proximo
284 2459 379 2530 coiis,
402 2479 543 2544 pergere
558 2461 798 2546 prohiberetur.
823 2461 888 2524 Sed
902 2463 971 2524 coi·
1062 2460 1067 2469 ’

13 2543 76 2606 issi
91 2560 239 2629 receptus
255 2539 315 2615 eii,
337 2542 467 2604 dceuii'u
481 2543 617 2606 Labieni
635 2543 819 2628 praesidio,
843 2557 877 2606 et
894 2543 973 2604 irri-

15 2625 52 2691 tis.
88 2637 332 2712 uasposuernt,
361 2622 510 2696 insidiis,
557 2625 626 2698 uia,
648 2627 837 2710 priusquam
855 2627 974 2687 Cacsar

15 2647 174 2781 accederet,
193 2727 234 2770 ex
251 2707 334 2768 iocis
353 2705 489 2768 occultis
503 2707 548 2768 La
572 2708 638 2770 icni
655 2707 776 2770 milites
793 2719 882 2769 metu
896 2725 975 2790 pro·

16 2787 143 2870 ingerant.
179 2795 253 2874 ipse
271 2789 326 2852 vix
345 2807 416 2849 cum
437 2801 528 2870 purte
547 2789 691 2874 equitum
711 2790 826 2852 evasit.
868 2787 975 2884 Quum

17 2869 105 2933 deinde
116 2892 214 2956 opera
227 2871 431 2933 continuaret
442 2873 573 2938 Caesar,
599 2869 638 2932 ad
652 2869 894 2955 impediendum
907 2887 976 2930 om-

18 2953 51 3012 ais
63 2953 311 3017 adversariorum
329 2953 490 3036 equitatus
508 2966 540 3012 et
558 2953 675 3014 ieviter
691 2954 804 3014 armati
820 2971 975 3036 praecur-

19 3049 100 3096 rerunt
123 3035 183 3098 sub
212 3055 400 3118 vesperam,
435 3027 654 3118 deductusque
677 3035 716 3096 ub
739 3053 841 3119 opere
864 3031 975 3128 copias

20 3115 133 3179 isenris
153 3117 375 3202 impetierunt.
419 3117 459 3178 Et
481 3115 657 3200 equitatum
679 3117 810 3202 quidem
831 3116 976 3178 mnitstu·

21 3193 71 3260 iius
85 3221 136 3261 sua
156 3203 388 3261 submoverunt
406 3197 579 3260 celeriter:
610 3197 686 3272 aed,
714 3199 789 3272 ubi,
814 3214 975 3260 converso

21 3275 125 3356 itincre,
155 3285 274 3344 Caesar
293 3299 364 3341 cum
384 3277 575 3342 cohortibus
595 3279 719 3352 adsuit,
747 3279 875 3364 equites
897 3297 976 3340 con·

22 3355 106 3424 inusti
125 3365 316 3448 repulerunt
333 3363 420 3424 inter
438 3361 637 3446 sequendum
658 3383 788 3448 sparsos
808 3359 974 3432 Numidas,
1018 3365 1021 3374 '

23 3445 166 3530 eritisque
190 3443 376 3506 interiectis
405 3463 463 3505 cos
490 3443 675 3521 reiecerunt
696 3446 729 3506 in
752 3441 850 3504 cniira
873 3443 976 3526 regis.

23 3543 50 3584 nr
66 3547 166 3589 omncs
184 3527 411 3588 internecione
435 3525 640 3600 delerentur,
673 3539 706 3588 ct
728 3527 800 3610 ipsa
823 3545 882 3588 rex
904 3543 977 3586 cum

25 3605 134 3671 iabieno
155 3608 325 3670 deveniret
346 3609 380 3668 in
400 3603 588 3691 potestatem
610 3609 778 3678 Caesaris,
808 3619 905 3668 nocte
928 3607 978 3667 in·

66 3705 148 3763 enta,
169 3706 201 3752 et
220 3705 382 3752 commoto
401 3689 488 3751 venti
508 3689 709 3751 vehementia
724 3689 878 3774 pulvere,
900 3707 979 3774 pro·

25 3703 138 3852 ‘ictum
159 3769 240 3834 hoiii
261 3771 496 3844 adimentibus,
520 3771 627 3856 erepti
646 3785 731 3834 sunt.

27 3877 29 3908 ¹
64 3879 166 3939 xxvi.
187 3881 315 3940 Interea
332 3901 428 3978 quum
442 3879 560 3942 Caesar
575 3897 635 3962 per
651 3877 813 3964 colloquia
828 3877 978 3952 miiitum,
1001 3885 1161 3942 adramis·

54 3958 248 4044 augendisque
266 3961 385 4037 iiterrs‚
408 3963 591 4024 libertatem
603 3974 701 4046 utque
717 3981 771 4042 res
790 3981 862 4022 suas
874 3959 978 4034 Ainis,
990 3955 1176 4097 mlta&

52 4148 317 4278 cqpfixsslvquio.
345 4139 432 4208 suci.
457 4147 493 4208 ds
513 4149 548 4210 B.
565 4145 660 4206 Afric.
705 4145 778 4222 Gap.
795 4145 886 4203 XXV.
912 4143 982 4200 Dio.

177 4260 185 4284 a
266 4239 295 4280 θ·
