<?xml version="1.0" encoding="UTF-8"?>
<!DOCTYPE html PUBLIC "-//W3C//DTD XHTML 1.0 Transitional//EN"
    "http://www.w3.org/TR/xhtml1/DTD/xhtml1-transitional.dtd">
<html xmlns="http://www.w3.org/1999/xhtml" xml:lang="en" lang="en">
 <head>
  <title>
</title>
<meta http-equiv="Content-Type" content="text/html;charset=utf-8" />
  <meta name='ocr-system' content='tesseract 3.04.00' />
  <meta name='ocr-capabilities' content='ocr_page ocr_carea ocr_par ocr_line ocrx_word'/>
</head>
<body>
  <div class='ocr_page' id='page_1' title='image "./tliviipatavinih02drakgoog_0667.png"; bbox 0 0 2658 4686; ppageno 0'>
   <div class='ocr_carea' id='block_1_1' title="bbox 336 309 1246 436">
    <p class='ocr_par' dir='ltr' id='par_1_1' title="bbox 336 309 1301 460">
     <span class='ocr_line' id='line_1_1' title="bbox 336 309 1246 436; baseline -0.016 -38"><span class='ocrx_word' id='word_1_1' title='bbox 336 331 401 412; x_wconf 72' lang='lat' dir='ltr'><strong><em>mu</em></strong></span> <span class='ocrx_word' id='word_1_2' title='bbox 417 417 422 436; x_wconf 82' lang='lat'>.</span> <span class='ocrx_word' id='word_1_3' title='bbox 438 309 1246 392; x_wconf 65' lang='lat' dir='ltr'><strong><em>raasson.sorruuuosroaouonncn.</em></strong></span> 
     </span>
    </p>
   </div>
   <div class='ocr_carea' id='block_1_2' title="bbox 172 515 1276 882">
    <p class='ocr_par' dir='ltr' id='par_1_2' title="bbox 172 515 1273 659">
     <span class='ocr_line' id='line_1_2' title="bbox 172 515 1273 659; baseline 0.006 -72"><span class='ocrx_word' id='word_1_4' title='bbox 172 529 207 588; x_wconf 79' lang='lat' dir='ltr'><strong><em>u.</em></strong></span> <span class='ocrx_word' id='word_1_5' title='bbox 222 550 249 589; x_wconf 84' lang='lat' dir='ltr'><strong><em>a.</em></strong></span> <span class='ocrx_word' id='word_1_6' title='bbox 264 527 326 603; x_wconf 66' lang='lat' dir='ltr'><strong><em>qod·</em></strong></span> <span class='ocrx_word' id='word_1_7' title='bbox 339 540 423 594; x_wconf 70' lang='lat' dir='ltr'><strong><em>cirne</em></strong></span> <span class='ocrx_word' id='word_1_8' title='bbox 435 515 461 594; x_wconf 79' lang='lat' dir='ltr'><strong><em>si</em></strong></span> <span class='ocrx_word' id='word_1_9' title='bbox 475 539 675 594; x_wconf 85' lang='lat' dir='ltr'><strong><em>consentianl.</em></strong></span> <span class='ocrx_word' id='word_1_10' title='bbox 714 535 804 659; x_wconf 51' lang='lat' dir='ltr'><strong><em>Obnorl</em></strong></span> <span class='ocrx_word' id='word_1_11' title='bbox 818 537 846 592; x_wconf 87' lang='lat' dir='ltr'><strong><em>si</em></strong></span> <span class='ocrx_word' id='word_1_12' title='bbox 861 541 1015 604; x_wconf 63' lang='lat' dir='ltr'><strong><em>puguant.</em></strong></span> <span class='ocrx_word' id='word_1_13' title='bbox 1034 543 1163 618; x_wconf 72' lang='lat' dir='ltr'><strong><em>nequicie</em></strong></span> <span class='ocrx_word' id='word_1_14' title='bbox 1172 539 1273 608; x_wconf 79' lang='lat' dir='ltr'><strong><em>quietum</em></strong></span> 
     </span>
    </p>

    <p class='ocr_par' dir='ltr' id='par_1_3' title="bbox 173 603 1275 680">
     <span class='ocr_line' id='line_1_3' title="bbox 173 603 1275 680; baseline 0.002 -22"><span class='ocrx_word' id='word_1_15' title='bbox 173 603 250 660; x_wconf 68' lang='lat' dir='ltr'><strong><em>Mi.</em></strong></span> <span class='ocrx_word' id='word_1_16' title='bbox 265 620 311 674; x_wconf 80' lang='lat' dir='ltr'><strong><em>sq·</em></strong></span> <span class='ocrx_word' id='word_1_17' title='bbox 340 625 400 662; x_wconf 91' lang='lat' dir='ltr'><strong><em>esse</em></strong></span> <span class='ocrx_word' id='word_1_18' title='bbox 416 624 576 678; x_wconf 88' lang='lat' dir='ltr'><strong><em>umquam,</em></strong></span> <span class='ocrx_word' id='word_1_19' title='bbox 596 615 688 676; x_wconf 70' lang='lat' dir='ltr'><strong><em>neque</em></strong></span> <span class='ocrx_word' id='word_1_20' title='bbox 702 623 734 660; x_wconf 90' lang='lat' dir='ltr'><strong><em>su</em></strong></span> <span class='ocrx_word' id='word_1_21' title='bbox 771 607 799 661; x_wconf 81' lang='lat' dir='ltr'><strong><em>le</em></strong></span> <span class='ocrx_word' id='word_1_22' title='bbox 816 604 976 676; x_wconf 79' lang='lat' dir='ltr'><strong><em>quidquam</em></strong></span> <span class='ocrx_word' id='word_1_23' title='bbox 990 609 1152 673; x_wconf 76' lang='lat' dir='ltr'><strong><em>poteraturc</em></strong></span> <span class='ocrx_word' id='word_1_24' title='bbox 1169 610 1275 680; x_wconf 60' lang='lat' dir='ltr'><strong><em>ermis.</em></strong></span> 
     </span>
    </p>

    <p class='ocr_par' dir='ltr' id='par_1_4' title="bbox 340 671 1272 744">
     <span class='ocr_line' id='line_1_4' title="bbox 340 671 1272 744; baseline 0.002 -14"><span class='ocrx_word' id='word_1_25' title='bbox 340 681 370 730; x_wconf 85' lang='lat' dir='ltr'><strong><em>lo</em></strong></span> <span class='ocrx_word' id='word_1_26' title='bbox 386 676 551 739; x_wconf 78' lang='lat' dir='ltr'><strong><em>concedas,</em></strong></span> <span class='ocrx_word' id='word_1_27' title='bbox 577 677 683 730; x_wconf 85' lang='lat' dir='ltr'><strong><em>iterum</em></strong></span> <span class='ocrx_word' id='word_1_28' title='bbox 702 677 733 729; x_wconf 89' lang='lat' dir='ltr'><strong><em>in</em></strong></span> <span class='ocrx_word' id='word_1_29' title='bbox 746 673 850 729; x_wconf 88' lang='lat' dir='ltr'><strong><em>eudem</em></strong></span> <span class='ocrx_word' id='word_1_30' title='bbox 866 671 941 735; x_wconf 82' lang='lat' dir='ltr'><strong><em>illa,</em></strong></span> <span class='ocrx_word' id='word_1_31' title='bbox 963 688 1038 744; x_wconf 89' lang='lat' dir='ltr'><strong><em>quae</em></strong></span> <span class='ocrx_word' id='word_1_32' title='bbox 1051 688 1137 740; x_wconf 81' lang='lat' dir='ltr'><strong><em>supra</em></strong></span> <span class='ocrx_word' id='word_1_33' title='bbox 1152 674 1272 743; x_wconf 70' lang='lat' dir='ltr'><strong><em>diuinus,</em></strong></span> 
     </span>
    </p>

    <p class='ocr_par' dir='ltr' id='par_1_5' title="bbox 304 733 1276 882">
     <span class='ocr_line' id='line_1_5' title="bbox 304 733 1276 816; baseline 0.006 -18"><span class='ocrx_word' id='word_1_34' title='bbox 304 736 310 755; x_wconf 72' lang='grc'><em>“</em></span> <span class='ocrx_word' id='word_1_35' title='bbox 340 741 524 806; x_wconf 77' lang='lat' dir='ltr'><strong><em>discordias,</em></strong></span> <span class='ocrx_word' id='word_1_36' title='bbox 543 745 721 804; x_wconf 75' lang='lat' dir='ltr'><strong><em>seditiones,</em></strong></span> <span class='ocrx_word' id='word_1_37' title='bbox 741 759 828 797; x_wconf 85' lang='lat' dir='ltr'><strong><em>orara</em></strong></span> <span class='ocrx_word' id='word_1_38' title='bbox 846 740 965 808; x_wconf 80' lang='lat' dir='ltr'><strong><em>ciuilia,</em></strong></span> <span class='ocrx_word' id='word_1_39' title='bbox 983 733 1160 814; x_wconf 67' lang='lat' dir='ltr'><strong><em>difficultde</em></strong></span> <span class='ocrx_word' id='word_1_40' title='bbox 1173 745 1276 816; x_wconf 86' lang='lat' dir='ltr'><strong><em>quadan</em></strong></span> 
     </span>
     <span class='ocr_line' id='line_1_6' title="bbox 336 809 956 882; baseline -0.008 -15"><span class='ocrx_word' id='word_1_41' title='bbox 336 809 759 882; x_wconf 72' lang='lat' dir='ltr'><strong><em>consilioruminexplicabili</em></strong></span> <span class='ocrx_word' id='word_1_42' title='bbox 773 809 956 866; x_wconf 76' lang='lat' dir='ltr'><strong><em>relabemur.</em></strong></span> 
     </span>
    </p>
   </div>
   <div class='ocr_carea' id='block_1_3' title="bbox 156 904 1281 1630">
    <p class='ocr_par' dir='ltr' id='par_1_6' title="bbox 156 904 1278 1261">
     <span class='ocr_line' id='line_1_7' title="bbox 180 904 1277 988; baseline 0.002 -18"><span class='ocrx_word' id='word_1_43' title='bbox 180 915 322 970; x_wconf 77' lang='lat' dir='ltr'><strong><em>Praestare</em></strong></span> <span class='ocrx_word' id='word_1_44' title='bbox 398 904 512 968; x_wconf 75' lang='lat' dir='ltr'><strong><em>XX&#39;Vl·</em></strong></span> <span class='ocrx_word' id='word_1_45' title='bbox 538 913 625 970; x_wconf 81' lang='lat' dir='ltr'><strong><em>Nibil</em></strong></span> <span class='ocrx_word' id='word_1_46' title='bbox 640 930 714 984; x_wconf 76' lang='lat' dir='ltr'><strong><em>ergo</em></strong></span> <span class='ocrx_word' id='word_1_47' title='bbox 732 913 839 970; x_wconf 88' lang='lat' dir='ltr'><strong><em>melius</em></strong></span> <span class='ocrx_word' id='word_1_48' title='bbox 846 913 955 988; x_wconf 72' lang='lat' dir='ltr'><strong><em>suerit,</em></strong></span> <span class='ocrx_word' id='word_1_49' title='bbox 974 929 1063 982; x_wconf 76' lang='lat' dir='ltr'><strong><em>quom</em></strong></span> <span class='ocrx_word' id='word_1_50' title='bbox 1077 923 1108 970; x_wconf 89' lang='lat' dir='ltr'><strong><em>te</em></strong></span> <span class='ocrx_word' id='word_1_51' title='bbox 1123 913 1277 984; x_wconf 84' lang='lat' dir='ltr'><strong><em>simulatque</em></strong></span> 
     </span>
     <span class='ocr_line' id='line_1_8' title="bbox 156 975 1278 1056; baseline 0.005 -20"><span class='ocrx_word' id='word_1_52' title='bbox 156 985 327 1054; x_wconf 68' lang='lat' dir='ltr'><strong><em>agramm-</em></strong></span> <span class='ocrx_word' id='word_1_53' title='bbox 341 983 559 1056; x_wconf 79' lang='lat' dir='ltr'><strong><em>rempublicam</em></strong></span> <span class='ocrx_word' id='word_1_54' title='bbox 587 985 730 1040; x_wconf 87' lang='lat' dir='ltr'><strong><em>omnibus</em></strong></span> <span class='ocrx_word' id='word_1_55' title='bbox 751 975 842 1038; x_wconf 80' lang='lat' dir='ltr'><strong><em>bisce&#39;</em></strong></span> <span class='ocrx_word' id='word_1_56' title='bbox 861 979 1011 1039; x_wconf 87' lang='lat' dir='ltr'><strong><em>molestiis</em></strong></span> <span class='ocrx_word' id='word_1_57' title='bbox 1034 1001 1070 1037; x_wconf 89' lang='lat' dir='ltr'><strong><em>ac</em></strong></span> <span class='ocrx_word' id='word_1_58' title='bbox 1091 985 1278 1044; x_wconf 71' lang='lat' dir='ltr'><strong><em>discriminibus</em></strong></span> 
     </span>
     <span class='ocr_line' id='line_1_9' title="bbox 158 1049 1277 1128; baseline 0.004 -22"><span class='ocrx_word' id='word_1_59' title='bbox 158 1053 310 1122; x_wconf 71' lang='lat' dir='ltr'><strong><em>reponsio·</em></strong></span> <span class='ocrx_word' id='word_1_60' title='bbox 342 1052 497 1125; x_wconf 70' lang='lat' dir='ltr'><strong><em>unosacto</em></strong></span> <span class='ocrx_word' id='word_1_61' title='bbox 517 1049 687 1113; x_wconf 77' lang='lat' dir='ltr'><strong><em>ausoluisse.</em></strong></span> <span class='ocrx_word' id='word_1_62' title='bbox 725 1053 813 1108; x_wconf 87' lang='lat' dir='ltr'><strong><em>Nunc</em></strong></span> <span class='ocrx_word' id='word_1_63' title='bbox 830 1059 862 1107; x_wconf 88' lang='lat' dir='ltr'><strong><em>ut</em></strong></span> <span class='ocrx_word' id='word_1_64' title='bbox 880 1069 988 1117; x_wconf 88' lang='lat' dir='ltr'><strong><em>armo,</em></strong></span> <span class='ocrx_word' id='word_1_65' title='bbox 1012 1053 1277 1128; x_wconf 56' lang='lat' dir='ltr'><strong><em>prouinciasmaqi·</em></strong></span> 
     </span>
     <span class='ocr_line' id='line_1_10' title="bbox 157 1115 1278 1194; baseline 0.002 -22"><span class='ocrx_word' id='word_1_66' title='bbox 157 1120 471 1182; x_wconf 55' lang='lat' dir='ltr'><strong><em>tesamenti-stratus,</em></strong></span> <span class='ocrx_word' id='word_1_67' title='bbox 502 1121 654 1174; x_wconf 87' lang='lat' dir='ltr'><strong><em>aerarium</em></strong></span> <span class='ocrx_word' id='word_1_68' title='bbox 672 1117 782 1194; x_wconf 88' lang='lat' dir='ltr'><strong><em>populo</em></strong></span> <span class='ocrx_word' id='word_1_69' title='bbox 803 1115 929 1186; x_wconf 82' lang='lat' dir='ltr'><strong><em>re&#39;ddas,</em></strong></span> <span class='ocrx_word' id='word_1_70' title='bbox 959 1121 1059 1175; x_wconf 87' lang='lat' dir='ltr'><strong><em>intua</em></strong></span> <span class='ocrx_word' id='word_1_71' title='bbox 1073 1131 1226 1178; x_wconf 83' lang='lat' dir='ltr'><strong><em>manuest:</em></strong></span> <span class='ocrx_word' id='word_1_72' title='bbox 1244 1144 1278 1182; x_wconf 81' lang='lat' dir='ltr'><strong><em>ea·</em></strong></span> 
     </span>
     <span class='ocr_line' id='line_1_11' title="bbox 158 1185 1277 1261; baseline 0.005 -19"><span class='ocrx_word' id='word_1_73' title='bbox 158 1203 224 1244; x_wconf 81' lang='lat' dir='ltr'><strong><em>reat.</em></strong></span> <span class='ocrx_word' id='word_1_74' title='bbox 360 1207 395 1244; x_wconf 88' lang='lat' dir='ltr'><strong><em>ue</em></strong></span> <span class='ocrx_word' id='word_1_75' title='bbox 411 1192 532 1244; x_wconf 83' lang='lat' dir='ltr'><strong><em>ratione</em></strong></span> <span class='ocrx_word' id='word_1_76' title='bbox 551 1185 720 1260; x_wconf 77' lang='lat' dir='ltr'><strong><em>gloriosum</em></strong></span> <span class='ocrx_word' id='word_1_77' title='bbox 746 1205 939 1260; x_wconf 86' lang='lat' dir='ltr'><strong><em>securamque</em></strong></span> <span class='ocrx_word' id='word_1_78' title='bbox 965 1197 1145 1244; x_wconf 88' lang='lat' dir='ltr'><strong><em>senectutem</em></strong></span> <span class='ocrx_word' id='word_1_79' title='bbox 1163 1191 1191 1246; x_wconf 88' lang='lat' dir='ltr'><strong><em>in</em></strong></span> <span class='ocrx_word' id='word_1_80' title='bbox 1205 1196 1277 1261; x_wconf 86' lang='lat' dir='ltr'><strong><em>patrio</em></strong></span> 
     </span>
    </p>

    <p class='ocr_par' dir='ltr' id='par_1_7' title="bbox 340 1205 1279 1398">
     <span class='ocr_line' id='line_1_12' title="bbox 341 1205 1278 1329; baseline 0.002 -17"><span class='ocrx_word' id='word_1_81' title='bbox 341 1205 556 1322; x_wconf 72' lang='lat' dir='ltr'><strong><em>beneficiorum</em></strong></span> <span class='ocrx_word' id='word_1_82' title='bbox 579 1259 706 1311; x_wconf 86' lang='lat' dir='ltr'><strong><em>memori</em></strong></span> <span class='ocrx_word' id='word_1_83' title='bbox 720 1275 843 1328; x_wconf 79' lang='lat' dir='ltr'><strong><em>sperare</em></strong></span> <span class='ocrx_word' id='word_1_84' title='bbox 855 1259 978 1329; x_wconf 90' lang='lat' dir='ltr'><strong><em>poteris.</em></strong></span> <span class='ocrx_word' id='word_1_85' title='bbox 1017 1256 1107 1324; x_wconf 80' lang='lat' dir='ltr'><strong><em>Quod</em></strong></span> <span class='ocrx_word' id='word_1_86' title='bbox 1123 1257 1222 1328; x_wconf 84' lang='lat' dir='ltr'><strong><em>sisorte</em></strong></span> <span class='ocrx_word' id='word_1_87' title='bbox 1234 1263 1278 1316; x_wconf 87' lang='lat' dir='ltr'><strong><em>red·</em></strong></span> 
     </span>
     <span class='ocr_line' id='line_1_13' title="bbox 340 1321 1279 1398; baseline 0.004 -16"><span class='ocrx_word' id='word_1_88' title='bbox 340 1324 412 1382; x_wconf 88' lang='lat' dir='ltr'><strong><em>de&#39;re</em></strong></span> <span class='ocrx_word' id='word_1_89' title='bbox 424 1321 659 1396; x_wconf 88' lang='lat' dir='ltr'><strong><em>rempublicam,</em></strong></span> <span class='ocrx_word' id='word_1_90' title='bbox 686 1325 783 1382; x_wconf 88' lang='lat' dir='ltr'><strong><em>donec</em></strong></span> <span class='ocrx_word' id='word_1_91' title='bbox 799 1333 901 1398; x_wconf 86' lang='lat' dir='ltr'><strong><em>potes,</em></strong></span> <span class='ocrx_word' id='word_1_92' title='bbox 928 1346 988 1381; x_wconf 91' lang='lat' dir='ltr'><strong><em>non</em></strong></span> <span class='ocrx_word' id='word_1_93' title='bbox 1007 1329 1068 1395; x_wconf 85' lang='lat' dir='ltr'><strong><em>uis,</em></strong></span> <span class='ocrx_word' id='word_1_94' title='bbox 1099 1329 1182 1382; x_wconf 88' lang='lat' dir='ltr'><strong><em>timeo</em></strong></span> <span class='ocrx_word' id='word_1_95' title='bbox 1197 1349 1226 1386; x_wconf 90' lang='lat' dir='ltr'><strong><em>ne</em></strong></span> <span class='ocrx_word' id='word_1_96' title='bbox 1242 1331 1279 1386; x_wconf 85' lang='lat' dir='ltr'><strong><em>oli·</em></strong></span> 
     </span>
    </p>

    <p class='ocr_par' dir='ltr' id='par_1_8' title="bbox 234 1391 1281 1630">
     <span class='ocr_line' id='line_1_14' title="bbox 234 1391 1279 1470; baseline 0.005 -22"><span class='ocrx_word' id='word_1_97' title='bbox 234 1430 239 1443; x_wconf 73' lang='lat'><strong>·</strong></span> <span class='ocrx_word' id='word_1_98' title='bbox 340 1393 471 1466; x_wconf 78' lang='lat' dir='ltr'><strong><em>quando,</em></strong></span> <span class='ocrx_word' id='word_1_99' title='bbox 509 1411 581 1448; x_wconf 87' lang='lat' dir='ltr'><strong><em>unrn</em></strong></span> <span class='ocrx_word' id='word_1_100' title='bbox 598 1391 688 1456; x_wconf 82' lang='lat' dir='ltr'><strong><em>uoles,</em></strong></span> <span class='ocrx_word' id='word_1_101' title='bbox 707 1411 857 1466; x_wconf 86' lang='lat' dir='ltr'><strong><em>nequeos;</em></strong></span> <span class='ocrx_word' id='word_1_102' title='bbox 879 1411 971 1466; x_wconf 87' lang='lat' dir='ltr'><strong><em>neque</em></strong></span> <span class='ocrx_word' id='word_1_103' title='bbox 989 1401 1075 1450; x_wconf 85' lang='lat' dir='ltr'><strong><em>tuum</em></strong></span> <span class='ocrx_word' id='word_1_104' title='bbox 1092 1403 1279 1470; x_wconf 84' lang='lat' dir='ltr'><strong><em>tempuserspe·</em></strong></span> 
     </span>
     <span class='ocr_line' id='line_1_15' title="bbox 339 1461 1281 1544; baseline 0.002 -26"><span class='ocrx_word' id='word_1_105' title='bbox 339 1469 401 1518; x_wconf 91' lang='lat' dir='ltr'><strong><em>ctet</em></strong></span> <span class='ocrx_word' id='word_1_106' title='bbox 409 1481 487 1534; x_wconf 90' lang='lat' dir='ltr'><strong><em>popu</em></strong></span> <span class='ocrx_word' id='word_1_107' title='bbox 504 1479 550 1524; x_wconf 82' lang='lat' dir='ltr'><strong><em>us,</em></strong></span> <span class='ocrx_word' id='word_1_108' title='bbox 562 1461 620 1544; x_wconf 39' lang='lat' dir='ltr'><strong><em>&#39;sed</em></strong></span> <span class='ocrx_word' id='word_1_109' title='bbox 630 1482 703 1518; x_wconf 83' lang='lat' dir='ltr'><strong><em>cum</em></strong></span> <span class='ocrx_word' id='word_1_110' title='bbox 721 1463 866 1543; x_wconf 74' lang='lat' dir='ltr'><strong><em>dedecore</em></strong></span> <span class='ocrx_word' id='word_1_111' title='bbox 880 1471 931 1518; x_wconf 89' lang='lat' dir='ltr'><strong><em>tuo</em></strong></span> <span class='ocrx_word' id='word_1_112' title='bbox 949 1463 1120 1541; x_wconf 86' lang='lat' dir='ltr'><strong><em>domnoque</em></strong></span> <span class='ocrx_word' id='word_1_113' title='bbox 1133 1483 1176 1522; x_wconf 89' lang='lat' dir='ltr'><strong><em>res</em></strong></span> <span class='ocrx_word' id='word_1_114' title='bbox 1187 1477 1281 1539; x_wconf 84' lang='lat' dir='ltr'><strong><em>repetat,</em></strong></span> 
     </span>
     <span class='ocr_line' id='line_1_16' title="bbox 340 1533 1046 1630; baseline 0.007 -45"><span class='ocrx_word' id='word_1_115' title='bbox 340 1548 415 1630; x_wconf 88' lang='lat' dir='ltr'><strong><em>quas</em></strong></span> <span class='ocrx_word' id='word_1_116' title='bbox 430 1537 583 1602; x_wconf 76' lang='lat' dir='ltr'><strong><em>putauerit</em></strong></span> <span class='ocrx_word' id='word_1_117' title='bbox 600 1548 618 1583; x_wconf 90' lang='lat' dir='ltr'><strong><em>a</em></strong></span> <span class='ocrx_word' id='word_1_118' title='bbox 633 1538 664 1586; x_wconf 93' lang='lat' dir='ltr'><strong><em>te</em></strong></span> <span class='ocrx_word' id='word_1_119' title='bbox 677 1549 730 1602; x_wconf 90' lang='lat' dir='ltr'><strong><em>per</em></strong></span> <span class='ocrx_word' id='word_1_120' title='bbox 744 1533 893 1604; x_wconf 69' lang='lat' dir='ltr'><strong><em>injuriam</em></strong></span> <span class='ocrx_word' id='word_1_121' title='bbox 912 1533 1046 1590; x_wconf 84' lang='lat' dir='ltr'><strong><em>retineri.</em></strong></span> 
     </span>
    </p>
   </div>
   <div class='ocr_carea' id='block_1_4' title="bbox 156 1621 1288 2742">
    <p class='ocr_par' dir='ltr' id='par_1_9' title="bbox 156 1621 1288 2674">
     <span class='ocr_line' id='line_1_17' title="bbox 177 1621 1282 1710; baseline 0.002 -22"><span class='ocrx_word' id='word_1_122' title='bbox 177 1633 230 1688; x_wconf 86' lang='lat' dir='ltr'><strong><em>Nee</em></strong></span> <span class='ocrx_word' id='word_1_123' title='bbox 245 1634 312 1687; x_wconf 77' lang='lat' dir='ltr'><strong><em>erolus</em></strong></span> <span class='ocrx_word' id='word_1_124' title='bbox 405 1621 536 1682; x_wconf 70' lang='lat' dir='ltr'><strong>XXVII·</strong></span> <span class='ocrx_word' id='word_1_125' title='bbox 559 1633 620 1688; x_wconf 88' lang='lat' dir='ltr'><strong><em>Nec</em></strong></span> <span class='ocrx_word' id='word_1_126' title='bbox 636 1633 717 1689; x_wconf 85' lang='lat' dir='ltr'><strong><em>enim</em></strong></span> <span class='ocrx_word' id='word_1_127' title='bbox 738 1631 997 1704; x_wconf 80' lang='lat' dir='ltr'><strong><em>diuinorefuturo</em></strong></span> <span class='ocrx_word' id='word_1_128' title='bbox 1020 1653 1168 1710; x_wconf 71' lang='lat' dir='ltr'><strong><em>magnum</em></strong></span> <span class='ocrx_word' id='word_1_129' title='bbox 1182 1645 1229 1694; x_wconf 72' lang='lat' dir='ltr'><strong><em>esi.</em></strong></span> <span class='ocrx_word' id='word_1_130' title='bbox 1247 1635 1282 1690; x_wconf 85' lang='lat' dir='ltr'><strong><em>abi</em></strong></span> 
     </span>
     <span class='ocr_line' id='line_1_18' title="bbox 156 1699 1282 1776; baseline 0.004 -22"><span class='ocrx_word' id='word_1_131' title='bbox 156 1705 287 1772; x_wconf 70' lang='lat' dir='ltr'><strong><em>peculum</em></strong></span> <span class='ocrx_word' id='word_1_132' title='bbox 343 1703 581 1776; x_wconf 78' lang='lat' dir='ltr'><strong><em>proeteritorum</em></strong></span> <span class='ocrx_word' id='word_1_133' title='bbox 602 1709 737 1762; x_wconf 82' lang='lat' dir='ltr'><strong><em>euentus.</em></strong></span> <span class='ocrx_word' id='word_1_134' title='bbox 764 1703 821 1758; x_wconf 83' lang='lat' dir='ltr'><strong><em>boe</em></strong></span> <span class='ocrx_word' id='word_1_135' title='bbox 835 1703 991 1776; x_wconf 78' lang='lat' dir='ltr'><strong><em>ingenium</em></strong></span> <span class='ocrx_word' id='word_1_136' title='bbox 1007 1719 1074 1758; x_wconf 87' lang='lat' dir='ltr'><strong><em>esse</em></strong></span> <span class='ocrx_word' id='word_1_137' title='bbox 1092 1699 1187 1776; x_wconf 86' lang='lat' dir='ltr'><strong><em>populi</em></strong></span> <span class='ocrx_word' id='word_1_138' title='bbox 1201 1704 1282 1760; x_wconf 80' lang='lat' dir='ltr'><strong><em>llama·</em></strong></span> 
     </span>
     <span class='ocr_line' id='line_1_19' title="bbox 159 1769 1282 1844; baseline 0.001 -20"><span class='ocrx_word' id='word_1_139' title='bbox 159 1771 236 1826; x_wconf 74' lang='lat' dir='ltr'><strong><em>Rea.</em></strong></span> <span class='ocrx_word' id='word_1_140' title='bbox 253 1773 313 1822; x_wconf 84' lang='lat' dir='ltr'><strong><em>diu·</em></strong></span> <span class='ocrx_word' id='word_1_141' title='bbox 345 1771 396 1836; x_wconf 86' lang='lat' dir='ltr'><strong><em>ni,</em></strong></span> <span class='ocrx_word' id='word_1_142' title='bbox 421 1769 693 1842; x_wconf 64' lang='lat' dir='ltr'><strong><em>hanelantium,</em></strong></span> <span class='ocrx_word' id='word_1_143' title='bbox 717 1769 834 1837; x_wconf 72' lang='lat' dir='ltr'><strong><em>docuit,</em></strong></span> <span class='ocrx_word' id='word_1_144' title='bbox 860 1779 892 1826; x_wconf 85' lang='lat' dir='ltr'><strong><em>ut</em></strong></span> <span class='ocrx_word' id='word_1_145' title='bbox 911 1771 1074 1828; x_wconf 86' lang='lat' dir='ltr'><strong><em>diuturnas</em></strong></span> <span class='ocrx_word' id='word_1_146' title='bbox 1101 1771 1282 1844; x_wconf 81' lang='lat' dir='ltr'><strong><em>dominospati</em></strong></span> 
     </span>
     <span class='ocr_line' id='line_1_20' title="bbox 157 1839 1282 1914; baseline 0.002 -23"><span class='ocrx_word' id='word_1_147' title='bbox 157 1839 306 1891; x_wconf 75' lang='lat' dir='ltr'><strong><em>ternario·</em></strong></span> <span class='ocrx_word' id='word_1_148' title='bbox 345 1847 487 1910; x_wconf 79' lang='lat' dir='ltr'><strong><em>nequeat,</em></strong></span> <span class='ocrx_word' id='word_1_149' title='bbox 513 1839 671 1908; x_wconf 86' lang='lat' dir='ltr'><strong><em>imperium</em></strong></span> <span class='ocrx_word' id='word_1_150' title='bbox 691 1839 872 1912; x_wconf 85' lang='lat' dir='ltr'><strong><em>deponentes</em></strong></span> <span class='ocrx_word' id='word_1_151' title='bbox 886 1857 948 1896; x_wconf 87' lang='lat' dir='ltr'><strong><em>non</em></strong></span> <span class='ocrx_word' id='word_1_152' title='bbox 964 1840 1081 1907; x_wconf 85' lang='lat' dir='ltr'><strong><em>oderit,</em></strong></span> <span class='ocrx_word' id='word_1_153' title='bbox 1101 1840 1282 1914; x_wconf 77' lang='lat' dir='ltr'><strong><em>cederegrauo·</em></strong></span> 
     </span>
     <span class='ocr_line' id='line_1_21' title="bbox 160 1905 1283 1980; baseline 0.002 -20"><span class='ocrx_word' id='word_1_154' title='bbox 160 1909 323 1980; x_wconf 62' lang='lat' dir='ltr'><strong><em>uinespstt&#39;.</em></strong></span> <span class='ocrx_word' id='word_1_155' title='bbox 345 1916 391 1964; x_wconf 87' lang='lat' dir='ltr'><strong><em>tos</em></strong></span> <span class='ocrx_word' id='word_1_156' title='bbox 413 1908 574 1976; x_wconf 88' lang='lat' dir='ltr'><strong><em>opprimat.</em></strong></span> <span class='ocrx_word' id='word_1_157' title='bbox 621 1905 729 1974; x_wconf 82' lang='lat' dir='ltr'><strong><em>Sulla,</em></strong></span> <span class='ocrx_word' id='word_1_158' title='bbox 758 1909 951 1965; x_wconf 80' lang='lat' dir='ltr'><strong><em>acerbissime</em></strong></span> <span class='ocrx_word' id='word_1_159' title='bbox 970 1915 1041 1980; x_wconf 70' lang='lat' dir='ltr'><strong><em>acio</em></strong></span> <span class='ocrx_word' id='word_1_160' title='bbox 1067 1908 1221 1974; x_wconf 73' lang='lat' dir='ltr'><strong><em>dictatura,</em></strong></span> <span class='ocrx_word' id='word_1_161' title='bbox 1238 1917 1283 1978; x_wconf 80' lang='lat' dir='ltr'><strong><em>post</em></strong></span> 
     </span>
     <span class='ocr_line' id='line_1_22' title="bbox 345 1973 1282 2049; baseline -0.005 -15"><span class='ocrx_word' id='word_1_162' title='bbox 345 1973 496 2049; x_wconf 72' lang='lat' dir='ltr'><strong><em>ejuratam</em></strong></span> <span class='ocrx_word' id='word_1_163' title='bbox 517 1982 697 2046; x_wconf 83' lang='lat' dir='ltr'><strong><em>patestatem</em></strong></span> <span class='ocrx_word' id='word_1_164' title='bbox 717 1996 838 2034; x_wconf 88' lang='lat' dir='ltr'><strong><em>securus</em></strong></span> <span class='ocrx_word' id='word_1_165' title='bbox 859 1995 897 2033; x_wconf 89' lang='lat' dir='ltr'><strong><em>ac</em></strong></span> <span class='ocrx_word' id='word_1_166' title='bbox 919 1977 1089 2034; x_wconf 81' lang='lat' dir='ltr'><strong><em>bondrotus</em></strong></span> <span class='ocrx_word' id='word_1_167' title='bbox 1113 1979 1196 2036; x_wconf 79' lang='lat' dir='ltr'><strong><em>visit.-</em></strong></span> <span class='ocrx_word' id='word_1_168' title='bbox 1220 1977 1282 2032; x_wconf 83' lang='lat' dir='ltr'><strong><em>Pun-</em></strong></span> 
     </span>
     <span class='ocr_line' id='line_1_23' title="bbox 343 2041 1281 2120; baseline -0.003 -19"><span class='ocrx_word' id='word_1_169' title='bbox 343 2041 444 2120; x_wconf 75' lang='lat' dir='ltr'><strong><em>pejus,</em></strong></span> <span class='ocrx_word' id='word_1_170' title='bbox 463 2043 781 2115; x_wconf 86' lang='lat' dir='ltr'><strong><em>quamdiu&#39;restituere</em></strong></span> <span class='ocrx_word' id='word_1_171' title='bbox 794 2045 904 2103; x_wconf 89' lang='lat' dir='ltr'><strong><em>solitus</em></strong></span> <span class='ocrx_word' id='word_1_172' title='bbox 916 2055 957 2103; x_wconf 81' lang='lat' dir='ltr'><strong><em>est</em></strong></span> <span class='ocrx_word' id='word_1_173' title='bbox 972 2045 1133 2117; x_wconf 75' lang='lat' dir='ltr'><strong><em>adreptum</em></strong></span> <span class='ocrx_word' id='word_1_174' title='bbox 1145 2048 1281 2118; x_wconf 77' lang='lat' dir='ltr'><strong><em>potentian.</em></strong></span> 
     </span>
     <span class='ocr_line' id='line_1_24' title="bbox 336 2111 1282 2188; baseline 0.004 -22"><span class='ocrx_word' id='word_1_175' title='bbox 336 2113 449 2168; x_wconf 89' lang='lat' dir='ltr'><strong><em>&#39;amore</em></strong></span> <span class='ocrx_word' id='word_1_176' title='bbox 464 2111 710 2177; x_wconf 76' lang='lat' dir='ltr'><strong><em>ciuiumfloruit:</em></strong></span> <span class='ocrx_word' id='word_1_177' title='bbox 735 2115 828 2178; x_wconf 84' lang='lat' dir='ltr'><strong><em>idern,</em></strong></span> <span class='ocrx_word' id='word_1_178' title='bbox 846 2123 1005 2188; x_wconf 84' lang='lat' dir='ltr'><strong><em>postquam</em></strong></span> <span class='ocrx_word' id='word_1_179' title='bbox 1023 2115 1108 2172; x_wconf 90' lang='lat' dir='ltr'><strong><em>solus</em></strong></span> <span class='ocrx_word' id='word_1_180' title='bbox 1124 2115 1206 2172; x_wconf 78' lang='lat' dir='ltr'><strong><em>soluit</em></strong></span> <span class='ocrx_word' id='word_1_181' title='bbox 1218 2118 1282 2170; x_wconf 85' lang='lat' dir='ltr'><strong><em>onni-</em></strong></span> 
     </span>
     <span class='ocr_line' id='line_1_25' title="bbox 346 2179 1282 2252; baseline 0.002 -18"><span class='ocrx_word' id='word_1_182' title='bbox 346 2179 400 2236; x_wconf 86' lang='lat' dir='ltr'><strong><em>bus</em></strong></span> <span class='ocrx_word' id='word_1_183' title='bbox 417 2198 479 2237; x_wconf 87' lang='lat' dir='ltr'><strong><em>esse</em></strong></span> <span class='ocrx_word' id='word_1_184' title='bbox 493 2183 660 2252; x_wconf 79' lang='lat' dir='ltr'><strong><em>potentior,</em></strong></span> <span class='ocrx_word' id='word_1_185' title='bbox 679 2203 745 2240; x_wconf 86' lang='lat' dir='ltr'><strong><em>curn</em></strong></span> <span class='ocrx_word' id='word_1_186' title='bbox 763 2191 829 2242; x_wconf 86' lang='lat' dir='ltr'><strong><em>tato</em></strong></span> <span class='ocrx_word' id='word_1_187' title='bbox 847 2182 938 2240; x_wconf 87' lang='lat' dir='ltr'><strong><em>dorna</em></strong></span> <span class='ocrx_word' id='word_1_188' title='bbox 951 2183 1084 2242; x_wconf 80' lang='lat' dir='ltr'><strong><em>interiit.</em></strong></span> <span class='ocrx_word' id='word_1_189' title='bbox 1111 2205 1162 2240; x_wconf 88' lang='lat' dir='ltr'><strong><em>nec</em></strong></span> <span class='ocrx_word' id='word_1_190' title='bbox 1179 2183 1226 2240; x_wconf 90' lang='lat' dir='ltr'><strong><em>olii</em></strong></span> <span class='ocrx_word' id='word_1_191' title='bbox 1237 2185 1282 2237; x_wconf 80' lang='lat' dir='ltr'><strong><em>Car·</em></strong></span> 
     </span>
     <span class='ocr_line' id='line_1_26' title="bbox 346 2247 1283 2325; baseline 0.001 -21"><span class='ocrx_word' id='word_1_192' title='bbox 346 2247 433 2304; x_wconf 89' lang='lat' dir='ltr'><strong><em>bonis</em></strong></span> <span class='ocrx_word' id='word_1_193' title='bbox 455 2260 509 2304; x_wconf 91' lang='lat' dir='ltr'><strong><em>aut</em></strong></span> <span class='ocrx_word' id='word_1_194' title='bbox 529 2253 662 2310; x_wconf 67' lang='lat' dir='ltr'><strong><em>cinnae.</em></strong></span> <span class='ocrx_word' id='word_1_195' title='bbox 697 2253 852 2324; x_wconf 88' lang='lat' dir='ltr'><strong><em>Mariique</em></strong></span> <span class='ocrx_word' id='word_1_196' title='bbox 866 2272 901 2309; x_wconf 91' lang='lat' dir='ltr'><strong><em>ac</em></strong></span> <span class='ocrx_word' id='word_1_197' title='bbox 921 2252 1060 2311; x_wconf 79' lang='lat' dir='ltr'><strong><em>Sertorii</em></strong></span> <span class='ocrx_word' id='word_1_198' title='bbox 1081 2253 1283 2325; x_wconf 68' lang='lat' dir='ltr'><strong><em>retrusurus.</em></strong></span> 
     </span>
     <span class='ocr_line' id='line_1_27' title="bbox 322 2317 1284 2396; baseline 0.003 -24"><span class='ocrx_word' id='word_1_199' title='bbox 322 2377 324 2384; x_wconf 52' lang='grc'>,</span> <span class='ocrx_word' id='word_1_200' title='bbox 347 2319 408 2373; x_wconf 85' lang='lat' dir='ltr'><strong><em>Nec</em></strong></span> <span class='ocrx_word' id='word_1_201' title='bbox 425 2320 505 2372; x_wconf 88' lang='lat' dir='ltr'><strong><em>enim</em></strong></span> <span class='ocrx_word' id='word_1_202' title='bbox 522 2317 627 2391; x_wconf 87' lang='lat' dir='ltr'><strong><em>populi</em></strong></span> <span class='ocrx_word' id='word_1_203' title='bbox 649 2319 785 2380; x_wconf 83' lang='lat' dir='ltr'><strong><em>Romani</em></strong></span> <span class='ocrx_word' id='word_1_204' title='bbox 801 2322 893 2396; x_wconf 73' lang='lat' dir='ltr'><strong><em>genio</em></strong></span> <span class='ocrx_word' id='word_1_205' title='bbox 919 2341 965 2380; x_wconf 89' lang='lat' dir='ltr'><strong><em>res</em></strong></span> <span class='ocrx_word' id='word_1_206' title='bbox 986 2321 1052 2378; x_wconf 90' lang='lat' dir='ltr'><strong><em>ulla</em></strong></span> <span class='ocrx_word' id='word_1_207' title='bbox 1077 2331 1139 2377; x_wconf 92' lang='lat' dir='ltr'><strong><em>tarn</em></strong></span> <span class='ocrx_word' id='word_1_208' title='bbox 1162 2321 1284 2382; x_wconf 74' lang='lat' dir='ltr'><strong><em>cordius,</em></strong></span> 
     </span>
     <span class='ocr_line' id='line_1_28' title="bbox 245 2385 1286 2462; baseline 0.002 -23"><span class='ocrx_word' id='word_1_209' title='bbox 245 2433 253 2452; x_wconf 79' lang='grc'><strong>,</strong></span> <span class='ocrx_word' id='word_1_210' title='bbox 347 2403 438 2457; x_wconf 89' lang='lat' dir='ltr'><strong><em>quam</em></strong></span> <span class='ocrx_word' id='word_1_211' title='bbox 458 2385 611 2462; x_wconf 67' lang='lat' dir='ltr'><strong><em>libertati-s</em></strong></span> <span class='ocrx_word' id='word_1_212' title='bbox 627 2389 777 2448; x_wconf 84' lang='lat' dir='ltr'><strong><em>custodia.</em></strong></span> <span class='ocrx_word' id='word_1_213' title='bbox 815 2391 949 2462; x_wconf 79' lang='lat' dir='ltr'><strong><em>Ecquos‚</em></strong></span> <span class='ocrx_word' id='word_1_214' title='bbox 969 2399 1001 2446; x_wconf 88' lang='lat' dir='ltr'><strong><em>ut</em></strong></span> <span class='ocrx_word' id='word_1_215' title='bbox 1020 2391 1286 2461; x_wconf 82' lang='lat' dir='ltr'><strong><em>improboscirerta·</em></strong></span> 
     </span>
     <span class='ocr_line' id='line_1_29' title="bbox 347 2457 1286 2526; baseline -0.007 -7"><span class='ocrx_word' id='word_1_216' title='bbox 347 2469 448 2518; x_wconf 63' lang='grc' dir='ltr'><strong><em>ΜΝ,</em></strong></span> <span class='ocrx_word' id='word_1_217' title='bbox 475 2463 527 2510; x_wconf 87' lang='lat' dir='ltr'><strong><em>aut</em></strong></span> <span class='ocrx_word' id='word_1_218' title='bbox 544 2471 680 2525; x_wconf 80' lang='lat' dir='ltr'><strong><em>nraJores</em></strong></span> <span class='ocrx_word' id='word_1_219' title='bbox 701 2469 756 2514; x_wconf 84' lang='lat' dir='ltr'><strong><em>aut</em></strong></span> <span class='ocrx_word' id='word_1_220' title='bbox 774 2459 914 2516; x_wconf 87' lang='lat' dir='ltr'><strong><em>meliores</em></strong></span> <span class='ocrx_word' id='word_1_221' title='bbox 934 2461 1013 2515; x_wconf 81' lang='lat' dir='ltr'><strong><em>uiros</em></strong></span> <span class='ocrx_word' id='word_1_222' title='bbox 1031 2457 1197 2526; x_wconf 74' lang='lat' dir='ltr'><strong><em>respublica</em></strong></span> <span class='ocrx_word' id='word_1_223' title='bbox 1212 2467 1286 2512; x_wconf 78' lang='lat' dir='ltr'><strong><em>nostro</em></strong></span> 
     </span>
     <span class='ocr_line' id='line_1_30' title="bbox 349 2519 1287 2600; baseline 0.005 -27"><span class='ocrx_word' id='word_1_224' title='bbox 349 2519 479 2576; x_wconf 83' lang='lat' dir='ltr'><strong><em>Camillo</em></strong></span> <span class='ocrx_word' id='word_1_225' title='bbox 494 2541 531 2579; x_wconf 85' lang='lat' dir='ltr'><strong><em>ac</em></strong></span> <span class='ocrx_word' id='word_1_226' title='bbox 549 2525 691 2588; x_wconf 76' lang='lat' dir='ltr'><strong><em>Scipione</em></strong></span> <span class='ocrx_word' id='word_1_227' title='bbox 706 2527 797 2596; x_wconf 81' lang='lat' dir='ltr'><strong><em>tulit,</em></strong></span> <span class='ocrx_word' id='word_1_228' title='bbox 824 2547 862 2584; x_wconf 89' lang='lat' dir='ltr'><strong><em>ac</em></strong></span> <span class='ocrx_word' id='word_1_229' title='bbox 900 2535 966 2600; x_wconf 89' lang='lat' dir='ltr'><strong><em>atre</em></strong></span> <span class='ocrx_word' id='word_1_230' title='bbox 982 2539 1035 2584; x_wconf 89' lang='lat' dir='ltr'><strong><em>tuo</em></strong></span> <span class='ocrx_word' id='word_1_231' title='bbox 1052 2528 1200 2586; x_wconf 80' lang='lat' dir='ltr'><strong><em>Caesare?</em></strong></span> <span class='ocrx_word' id='word_1_232' title='bbox 1212 2527 1250 2582; x_wconf 82' lang='lat' dir='ltr'><strong><em>sed</em></strong></span> <span class='ocrx_word' id='word_1_233' title='bbox 1264 2527 1287 2578; x_wconf 81' lang='lat' dir='ltr'><strong><em>il·</em></strong></span> 
     </span>
     <span class='ocr_line' id='line_1_31' title="bbox 347 2545 1288 2674; baseline 0.015 -30"><span class='ocrx_word' id='word_1_234' title='bbox 347 2586 393 2644; x_wconf 90' lang='lat' dir='ltr'><strong><em>los</em></strong></span> <span class='ocrx_word' id='word_1_235' title='bbox 406 2592 507 2674; x_wconf 39' lang='lat' dir='ltr'><strong><em>&#39;etiarn</em></strong></span> <span class='ocrx_word' id='word_1_236' title='bbox 528 2593 642 2650; x_wconf 85' lang='lat' dir='ltr'><strong><em>ciuilem</em></strong></span> <span class='ocrx_word' id='word_1_237' title='bbox 664 2613 803 2668; x_wconf 76' lang='lat' dir='ltr'><strong><em>egressos</em></strong></span> <span class='ocrx_word' id='word_1_238' title='bbox 821 2545 946 2654; x_wconf 63' lang='lat' dir='ltr'><strong><em>modurn</em></strong></span> <span class='ocrx_word' id='word_1_239' title='bbox 963 2597 1077 2658; x_wconf 71' lang='lat' dir='ltr'><strong><em>casilia</em></strong></span> <span class='ocrx_word' id='word_1_240' title='bbox 1095 2591 1288 2656; x_wconf 70' lang='lat' dir='ltr'><strong><em>anennual</em></strong></span> 
     </span>
    </p>

    <p class='ocr_par' dir='ltr' id='par_1_10' title="bbox 349 2661 880 2742">
     <span class='ocr_line' id='line_1_32' title="bbox 349 2661 880 2742; baseline 0.028 -31"><span class='ocrx_word' id='word_1_241' title='bbox 349 2675 442 2742; x_wconf 76' lang='lat' dir='ltr'><strong><em>amice</em></strong></span> <span class='ocrx_word' id='word_1_242' title='bbox 458 2678 495 2716; x_wconf 89' lang='lat' dir='ltr'><strong><em>oc</em></strong></span> <span class='ocrx_word' id='word_1_243' title='bbox 508 2664 669 2735; x_wconf 88' lang='lat' dir='ltr'><strong><em>propinqui</em></strong></span> <span class='ocrx_word' id='word_1_244' title='bbox 691 2661 880 2739; x_wconf 81' lang='lat' dir='ltr'><strong><em>depulerunt.</em></strong></span> 
     </span>
    </p>
   </div>
   <div class='ocr_carea' id='block_1_5' title="bbox 80 2751 1301 4074">
    <p class='ocr_par' dir='ltr' id='par_1_11' title="bbox 80 2751 1289 3113">
     <span class='ocr_line' id='line_1_33' title="bbox 182 2751 1286 2844; baseline -0.005 -20"><span class='ocrx_word' id='word_1_245' title='bbox 182 2767 321 2824; x_wconf 72' lang='lat' dir='ltr'><strong><em>crretrttr</em></strong></span> <span class='ocrx_word' id='word_1_246' title='bbox 409 2751 553 2816; x_wconf 78' lang='lat' dir='ltr'><strong>xxvtfl.</strong></span> <span class='ocrx_word' id='word_1_247' title='bbox 578 2767 775 2836; x_wconf 78' lang='lat' dir='ltr'><strong><em>Nequaquam</em></strong></span> <span class='ocrx_word' id='word_1_248' title='bbox 800 2771 905 2822; x_wconf 82' lang='lat' dir='ltr'><strong><em>tamea</em></strong></span> <span class='ocrx_word' id='word_1_249' title='bbox 928 2773 1036 2824; x_wconf 86' lang='lat' dir='ltr'><strong><em>auctor</em></strong></span> <span class='ocrx_word' id='word_1_250' title='bbox 1060 2783 1119 2840; x_wconf 77' lang='lat' dir='ltr'><strong><em>ego</em></strong></span> <span class='ocrx_word' id='word_1_251' title='bbox 1141 2765 1193 2822; x_wconf 84' lang='lat' dir='ltr'><strong><em>tibi</em></strong></span> <span class='ocrx_word' id='word_1_252' title='bbox 1205 2763 1286 2844; x_wconf 69' lang='lat' dir='ltr'><strong><em>laetiq</em></strong></span> 
     </span>
     <span class='ocr_line' id='line_1_34' title="bbox 164 2829 1288 2908; baseline -0.004 -18"><span class='ocrx_word' id='word_1_253' title='bbox 164 2837 261 2906; x_wconf 74' lang='lat' dir='ltr'><strong><em>igitar,</em></strong></span> <span class='ocrx_word' id='word_1_254' title='bbox 271 2840 329 2890; x_wconf 81' lang='lat' dir='ltr'><strong><em>rai.</em></strong></span> <span class='ocrx_word' id='word_1_255' title='bbox 352 2829 543 2903; x_wconf 68' lang='lat' dir='ltr'><strong><em>objiciendae</em></strong></span> <span class='ocrx_word' id='word_1_256' title='bbox 563 2835 737 2904; x_wconf 80' lang='lat' dir='ltr'><strong><em>potentiae,</em></strong></span> <span class='ocrx_word' id='word_1_257' title='bbox 764 2837 938 2904; x_wconf 79' lang='lat' dir='ltr'><strong><em>priusquam</em></strong></span> <span class='ocrx_word' id='word_1_258' title='bbox 952 2856 992 2893; x_wconf 78' lang='lat' dir='ltr'><strong><em>eu</em></strong></span> <span class='ocrx_word' id='word_1_259' title='bbox 1007 2853 1065 2891; x_wconf 82' lang='lat' dir='ltr'><strong><em>usur</em></strong></span> <span class='ocrx_word' id='word_1_260' title='bbox 1083 2839 1199 2908; x_wconf 76' lang='lat' dir='ltr'><strong><em>patriae</em></strong></span> <span class='ocrx_word' id='word_1_261' title='bbox 1217 2852 1243 2887; x_wconf 81' lang='lat' dir='ltr'><strong><em>ac</em></strong></span> <span class='ocrx_word' id='word_1_262' title='bbox 1259 2831 1288 2887; x_wconf 83' lang='lat' dir='ltr'><strong><em>dr·</em></strong></span> 
     </span>
     <span class='ocr_line' id='line_1_35' title="bbox 80 2898 1288 2978; baseline -0.007 -18"><span class='ocrx_word' id='word_1_263' title='bbox 80 2948 88 2968; x_wconf 34' lang='lat' dir='ltr'><strong><em>a</em></strong></span> <span class='ocrx_word' id='word_1_264' title='bbox 164 2909 330 2978; x_wconf 74' lang='lat' dir='ltr'><strong><em>deuiumeffe</em></strong></span> <span class='ocrx_word' id='word_1_265' title='bbox 375 2902 472 2958; x_wconf 89' lang='lat' dir='ltr'><strong><em>nitate</em></strong></span> <span class='ocrx_word' id='word_1_266' title='bbox 485 2911 536 2958; x_wconf 89' lang='lat' dir='ltr'><strong><em>tua</em></strong></span> <span class='ocrx_word' id='word_1_267' title='bbox 550 2901 768 2974; x_wconf 87' lang='lat' dir='ltr'><strong><em>rempublicam</em></strong></span> <span class='ocrx_word' id='word_1_268' title='bbox 780 2905 980 2961; x_wconf 89' lang='lat' dir='ltr'><strong><em>constitueris.</em></strong></span> <span class='ocrx_word' id='word_1_269' title='bbox 1040 2924 1084 2960; x_wconf 91' lang='lat' dir='ltr'><strong><em>uo</em></strong></span> <span class='ocrx_word' id='word_1_270' title='bbox 1098 2907 1132 2960; x_wconf 88' lang='lat' dir='ltr'><strong><em>in</em></strong></span> <span class='ocrx_word' id='word_1_271' title='bbox 1144 2925 1175 2960; x_wconf 90' lang='lat' dir='ltr'><strong><em>re</em></strong></span> <span class='ocrx_word' id='word_1_272' title='bbox 1188 2898 1288 2958; x_wconf 83' lang='lat' dir='ltr'><strong><em>tibiSul·</em></strong></span> 
     </span>
     <span class='ocr_line' id='line_1_36' title="bbox 151 2917 1287 3046; baseline -0.011 -14"><span class='ocrx_word' id='word_1_273' title='bbox 151 2975 248 3046; x_wconf 71' lang='lat' dir='ltr'><strong><em>lestap.</em></strong></span> <span class='ocrx_word' id='word_1_274' title='bbox 349 2917 416 3028; x_wconf 76' lang='lat' dir='ltr'><strong><em>lam</em></strong></span> <span class='ocrx_word' id='word_1_275' title='bbox 434 2971 622 3028; x_wconf 88' lang='lat' dir='ltr'><strong><em>imitandum</em></strong></span> <span class='ocrx_word' id='word_1_276' title='bbox 636 2986 751 3040; x_wconf 84' lang='lat' dir='ltr'><strong><em>censeo,·</em></strong></span> <span class='ocrx_word' id='word_1_277' title='bbox 771 2969 858 3045; x_wconf 80' lang='lat' dir='ltr'><strong><em>cujus</em></strong></span> <span class='ocrx_word' id='word_1_278' title='bbox 874 2975 997 3031; x_wconf 83' lang='lat' dir='ltr'><strong><em>tametsi</em></strong></span> <span class='ocrx_word' id='word_1_279' title='bbox 1023 2990 1094 3046; x_wconf 79' lang='lat' dir='ltr'><strong><em>eges</em></strong></span> <span class='ocrx_word' id='word_1_280' title='bbox 1113 2972 1241 3046; x_wconf 81' lang='lat' dir='ltr'><strong><em>quaedum</em></strong></span> <span class='ocrx_word' id='word_1_281' title='bbox 1254 2968 1287 3021; x_wconf 91' lang='lat' dir='ltr'><strong><em>ab·</em></strong></span> 
     </span>
     <span class='ocr_line' id='line_1_37' title="bbox 350 3037 1289 3113; baseline -0.002 -18"><span class='ocrx_word' id='word_1_282' title='bbox 350 3049 482 3110; x_wconf 71' lang='lat' dir='ltr'><strong><em>rogatae</em></strong></span> <span class='ocrx_word' id='word_1_283' title='bbox 499 3048 571 3097; x_wconf 83' lang='lat' dir='ltr'><strong><em>sunt</em></strong></span> <span class='ocrx_word' id='word_1_284' title='bbox 587 3046 710 3113; x_wconf 84' lang='lat' dir='ltr'><strong><em>postea,</em></strong></span> <span class='ocrx_word' id='word_1_285' title='bbox 741 3037 902 3112; x_wconf 87' lang='lat' dir='ltr'><strong><em>pleraeque</em></strong></span> <span class='ocrx_word' id='word_1_286' title='bbox 918 3049 1021 3099; x_wconf 88' lang='lat' dir='ltr'><strong><em>tomen</em></strong></span> <span class='ocrx_word' id='word_1_287' title='bbox 1038 3047 1174 3098; x_wconf 78' lang='lat' dir='ltr'><strong><em>maneat.</em></strong></span> <span class='ocrx_word' id='word_1_288' title='bbox 1207 3039 1289 3095; x_wconf 72' lang='lat' dir='ltr'><strong><em>sana</em></strong></span> 
     </span>
    </p>

    <p class='ocr_par' dir='ltr' id='par_1_12' title="bbox 312 3106 1290 3253">
     <span class='ocr_line' id='line_1_38' title="bbox 312 3106 1290 3181; baseline -0.002 -19"><span class='ocrx_word' id='word_1_289' title='bbox 312 3155 318 3180; x_wconf 73' lang='grc'>,</span> <span class='ocrx_word' id='word_1_290' title='bbox 352 3109 438 3165; x_wconf 89' lang='lat' dir='ltr'><strong><em>curri</em></strong></span> <span class='ocrx_word' id='word_1_291' title='bbox 449 3117 546 3181; x_wconf 75' lang='lat' dir='ltr'><strong><em>potest</em></strong></span> <span class='ocrx_word' id='word_1_292' title='bbox 559 3106 693 3163; x_wconf 85' lang='lat' dir='ltr'><strong><em>motibus</em></strong></span> <span class='ocrx_word' id='word_1_293' title='bbox 708 3109 833 3163; x_wconf 89' lang='lat' dir='ltr'><strong><em>omnino</em></strong></span> <span class='ocrx_word' id='word_1_294' title='bbox 850 3111 982 3174; x_wconf 79' lang='lat' dir='ltr'><strong><em>orituris,</em></strong></span> <span class='ocrx_word' id='word_1_295' title='bbox 1001 3113 1029 3168; x_wconf 87' lang='lat' dir='ltr'><strong><em>a·</em></strong></span> <span class='ocrx_word' id='word_1_296' title='bbox 1042 3109 1123 3166; x_wconf 85' lang='lat' dir='ltr'><strong><em>uelut</em></strong></span> <span class='ocrx_word' id='word_1_297' title='bbox 1135 3110 1225 3165; x_wconf 83' lang='lat' dir='ltr'><strong><em>orbam</em></strong></span> <span class='ocrx_word' id='word_1_298' title='bbox 1237 3123 1290 3160; x_wconf 84' lang='lat' dir='ltr'><strong><em>ren·</em></strong></span> 
     </span>
     <span class='ocr_line' id='line_1_39' title="bbox 351 3173 1290 3253; baseline 0.009 -23"><span class='ocrx_word' id='word_1_299' title='bbox 351 3173 524 3253; x_wconf 83' lang='lat' dir='ltr'><strong><em>publicam,</em></strong></span> <span class='ocrx_word' id='word_1_300' title='bbox 552 3186 712 3245; x_wconf 73' lang='lat' dir='ltr'><strong><em>antequam</em></strong></span> <span class='ocrx_word' id='word_1_301' title='bbox 737 3193 769 3231; x_wconf 91' lang='lat' dir='ltr'><strong><em>se</em></strong></span> <span class='ocrx_word' id='word_1_302' title='bbox 790 3180 936 3234; x_wconf 82' lang='lat' dir='ltr'><strong><em>sustinere</em></strong></span> <span class='ocrx_word' id='word_1_303' title='bbox 959 3197 996 3236; x_wconf 90' lang='lat' dir='ltr'><strong><em>ac</em></strong></span> <span class='ocrx_word' id='word_1_304' title='bbox 1010 3182 1191 3252; x_wconf 67' lang='lat' dir='ltr'><strong><em>regereipta</em></strong></span> <span class='ocrx_word' id='word_1_305' title='bbox 1208 3181 1290 3249; x_wconf 70' lang='lat' dir='ltr'><strong><em>ponda</em></strong></span> 
     </span>
    </p>

    <p class='ocr_par' dir='ltr' id='par_1_13' title="bbox 351 3245 1291 3320">
     <span class='ocr_line' id='line_1_40' title="bbox 351 3245 1291 3320; baseline 0.003 -20"><span class='ocrx_word' id='word_1_306' title='bbox 351 3255 477 3314; x_wconf 86' lang='lat' dir='ltr'><strong><em>repente</em></strong></span> <span class='ocrx_word' id='word_1_307' title='bbox 493 3245 682 3303; x_wconf 76' lang='lat' dir='ltr'><strong><em>destitueres.</em></strong></span> <span class='ocrx_word' id='word_1_308' title='bbox 719 3245 801 3301; x_wconf 76' lang='lat' dir='ltr'><strong><em>certe</em></strong></span> <span class='ocrx_word' id='word_1_309' title='bbox 819 3247 976 3320; x_wconf 85' lang='lat' dir='ltr'><strong><em>popularis</em></strong></span> <span class='ocrx_word' id='word_1_310' title='bbox 997 3251 1093 3306; x_wconf 88' lang='lat' dir='ltr'><strong><em>etiarn</em></strong></span> <span class='ocrx_word' id='word_1_311' title='bbox 1107 3258 1200 3305; x_wconf 79' lang='lat' dir='ltr'><strong><em>status</em></strong></span> <span class='ocrx_word' id='word_1_312' title='bbox 1211 3245 1291 3303; x_wconf 74' lang='lat' dir='ltr'><strong><em>dima-</em></strong></span> 
     </span>
    </p>

    <p class='ocr_par' dir='ltr' id='par_1_14' title="bbox 353 3311 1301 3402">
     <span class='ocr_line' id='line_1_41' title="bbox 353 3311 1301 3402; baseline -0.005 -34"><span class='ocrx_word' id='word_1_313' title='bbox 353 3312 425 3370; x_wconf 89' lang='lat' dir='ltr'><strong><em>diae</em></strong></span> <span class='ocrx_word' id='word_1_314' title='bbox 447 3331 484 3370; x_wconf 91' lang='lat' dir='ltr'><strong><em>ac</em></strong></span> <span class='ocrx_word' id='word_1_315' title='bbox 504 3313 707 3372; x_wconf 79' lang='lat' dir='ltr'><strong><em>seditionibus</em></strong></span> <span class='ocrx_word' id='word_1_316' title='bbox 733 3311 884 3371; x_wconf 70' lang='lat' dir='ltr'><strong><em>obnoxias</em></strong></span> <span class='ocrx_word' id='word_1_317' title='bbox 903 3323 967 3372; x_wconf 85' lang='lat' dir='ltr'><strong><em>est.-</em></strong></span> <span class='ocrx_word' id='word_1_318' title='bbox 994 3333 1048 3374; x_wconf 88' lang='lat' dir='ltr'><strong><em>nec</em></strong></span> <span class='ocrx_word' id='word_1_319' title='bbox 1061 3316 1235 3372; x_wconf 79' lang='lat' dir='ltr'><strong><em>mortalibus</em></strong></span> <span class='ocrx_word' id='word_1_320' title='bbox 1247 3321 1301 3402; x_wconf 69' lang='lat' dir='ltr'><strong><em>toaq</em></strong></span> 
     </span>
    </p>

    <p class='ocr_par' dir='ltr' id='par_1_15' title="bbox 353 3379 1301 3525">
     <span class='ocr_line' id='line_1_42' title="bbox 353 3379 1301 3476; baseline -0.006 -38"><span class='ocrx_word' id='word_1_321' title='bbox 353 3379 424 3439; x_wconf 83' lang='lat' dir='ltr'><strong><em>licet</em></strong></span> <span class='ocrx_word' id='word_1_322' title='bbox 444 3399 508 3440; x_wconf 90' lang='lat' dir='ltr'><strong><em>esse</em></strong></span> <span class='ocrx_word' id='word_1_323' title='bbox 523 3380 682 3453; x_wconf 83' lang='lat' dir='ltr'><strong><em>felicibus,</em></strong></span> <span class='ocrx_word' id='word_1_324' title='bbox 708 3388 739 3434; x_wconf 85' lang='lat' dir='ltr'><strong><em>ul</em></strong></span> <span class='ocrx_word' id='word_1_325' title='bbox 760 3383 922 3458; x_wconf 88' lang='lat' dir='ltr'><strong><em>quidquam</em></strong></span> <span class='ocrx_word' id='word_1_326' title='bbox 944 3388 1028 3441; x_wconf 87' lang='lat' dir='ltr'><strong><em>omni</em></strong></span> <span class='ocrx_word' id='word_1_327' title='bbox 1047 3383 1180 3458; x_wconf 85' lang='lat' dir='ltr'><strong><em>periculo</em></strong></span> <span class='ocrx_word' id='word_1_328' title='bbox 1199 3397 1301 3476; x_wconf 68' lang='lat' dir='ltr'><strong><em>uawrnq</em></strong></span> 
     </span>
     <span class='ocr_line' id='line_1_43' title="bbox 355 3446 1301 3525; baseline 0.008 -19"><span class='ocrx_word' id='word_1_329' title='bbox 355 3453 635 3507; x_wconf 83' lang='lat' dir='ltr'><strong><em>comminiscantur.</em></strong></span> <span class='ocrx_word' id='word_1_330' title='bbox 674 3446 735 3506; x_wconf 79' lang='lat' dir='ltr'><strong><em>Sed</em></strong></span> <span class='ocrx_word' id='word_1_331' title='bbox 759 3453 836 3508; x_wconf 81' lang='lat' dir='ltr'><strong><em>baec</em></strong></span> <span class='ocrx_word' id='word_1_332' title='bbox 858 3455 1048 3512; x_wconf 87' lang='lat' dir='ltr'><strong><em>incommodo</em></strong></span> <span class='ocrx_word' id='word_1_333' title='bbox 1072 3450 1301 3525; x_wconf 54' lang='lat' dir='ltr'><strong><em>,narratoribus</em></strong></span> 
     </span>
    </p>

    <p class='ocr_par' dir='ltr' id='par_1_16' title="bbox 354 3513 1301 3590">
     <span class='ocr_line' id='line_1_44' title="bbox 354 3513 1301 3590; baseline -0.004 -14"><span class='ocrx_word' id='word_1_334' title='bbox 354 3535 509 3576; x_wconf 84' lang='lat' dir='ltr'><strong><em>necessum</em></strong></span> <span class='ocrx_word' id='word_1_335' title='bbox 529 3527 589 3584; x_wconf 82' lang='lat' dir='ltr'><strong><em>est,</em></strong></span> <span class='ocrx_word' id='word_1_336' title='bbox 615 3519 641 3574; x_wconf 88' lang='lat' dir='ltr'><strong><em>si</em></strong></span> <span class='ocrx_word' id='word_1_337' title='bbox 665 3535 730 3575; x_wconf 88' lang='lat' dir='ltr'><strong><em>cum</em></strong></span> <span class='ocrx_word' id='word_1_338' title='bbox 752 3521 930 3590; x_wconf 77' lang='lat' dir='ltr'><strong><em>tyrannide,</em></strong></span> <span class='ocrx_word' id='word_1_339' title='bbox 959 3523 1121 3590; x_wconf 86' lang='lat' dir='ltr'><strong><em>adquam·</em></strong></span> <span class='ocrx_word' id='word_1_340' title='bbox 1150 3521 1249 3579; x_wconf 84' lang='lat' dir='ltr'><strong><em>rarliuis</em></strong></span> <span class='ocrx_word' id='word_1_341' title='bbox 1266 3513 1301 3584; x_wconf 63' lang='lat' dir='ltr'><strong><em>obl</em></strong></span> 
     </span>
    </p>

    <p class='ocr_par' dir='ltr' id='par_1_17' title="bbox 352 3541 1301 3662">
     <span class='ocr_line' id='line_1_45' title="bbox 352 3541 1301 3662; baseline 0.001 -20"><span class='ocrx_word' id='word_1_342' title='bbox 352 3590 443 3642; x_wconf 85' lang='lat' dir='ltr'><strong><em>unius</em></strong></span> <span class='ocrx_word' id='word_1_343' title='bbox 464 3589 590 3658; x_wconf 87' lang='lat' dir='ltr'><strong><em>irnperio</em></strong></span> <span class='ocrx_word' id='word_1_344' title='bbox 607 3589 770 3651; x_wconf 83' lang='lat' dir='ltr'><strong><em>transitus,</em></strong></span> <span class='ocrx_word' id='word_1_345' title='bbox 796 3591 1040 3658; x_wconf 79' lang='lat' dir='ltr'><strong><em>caniendantur?</em></strong></span> <span class='ocrx_word' id='word_1_346' title='bbox 1067 3541 1180 3662; x_wconf 49' lang='grc' dir='ltr'><strong><em>δείρῃ</em></strong></span> <span class='ocrx_word' id='word_1_347' title='bbox 1215 3585 1301 3660; x_wconf 49' lang='lat' dir='ltr'><strong><em>delto</em></strong></span> 
     </span>
    </p>

    <p class='ocr_par' dir='ltr' id='par_1_18' title="bbox 353 3612 1301 3734">
     <span class='ocr_line' id='line_1_46' title="bbox 353 3612 1301 3734; baseline 0.011 -26"><span class='ocrx_word' id='word_1_348' title='bbox 353 3653 435 3712; x_wconf 80' lang='lat' dir='ltr'><strong><em>nihil</em></strong></span> <span class='ocrx_word' id='word_1_349' title='bbox 449 3657 666 3727; x_wconf 83' lang='lat' dir='ltr'><strong><em>inpraesentia</em></strong></span> <span class='ocrx_word' id='word_1_350' title='bbox 681 3653 780 3714; x_wconf 87' lang='lat' dir='ltr'><strong><em>dicere</em></strong></span> <span class='ocrx_word' id='word_1_351' title='bbox 797 3661 949 3720; x_wconf 75' lang='lat' dir='ltr'><strong><em>constitui,</em></strong></span> <span class='ocrx_word' id='word_1_352' title='bbox 969 3658 1058 3734; x_wconf 75' lang='lat' dir='ltr'><strong><em>cujus</em></strong></span> <span class='ocrx_word' id='word_1_353' title='bbox 1072 3661 1158 3718; x_wconf 88' lang='lat' dir='ltr'><strong><em>mola</em></strong></span> <span class='ocrx_word' id='word_1_354' title='bbox 1171 3612 1244 3716; x_wconf 58' lang='lat' dir='ltr'><strong><em>obruo</em></strong></span> <span class='ocrx_word' id='word_1_355' title='bbox 1256 3659 1301 3718; x_wconf 66' lang='lat' dir='ltr'><strong><em>eila}</em></strong></span> 
     </span>
    </p>

    <p class='ocr_par' dir='ltr' id='par_1_19' title="bbox 356 3725 1291 3794">
     <span class='ocr_line' id='line_1_47' title="bbox 356 3725 1291 3794; baseline 0.012 -16"><span class='ocrx_word' id='word_1_356' title='bbox 356 3725 429 3794; x_wconf 89' lang='lat' dir='ltr'><strong><em>quin</em></strong></span> <span class='ocrx_word' id='word_1_357' title='bbox 444 3727 539 3793; x_wconf 82' lang='lat' dir='ltr'><strong><em>possit</em></strong></span> <span class='ocrx_word' id='word_1_358' title='bbox 556 3739 732 3794; x_wconf 75' lang='lat' dir='ltr'><strong><em>coarguere.</em></strong></span> <span class='ocrx_word' id='word_1_359' title='bbox 769 3726 826 3784; x_wconf 83' lang='lat' dir='ltr'><strong><em>boc</em></strong></span> <span class='ocrx_word' id='word_1_360' title='bbox 844 3727 1001 3785; x_wconf 82' lang='lat' dir='ltr'><strong><em>ostendere</em></strong></span> <span class='ocrx_word' id='word_1_361' title='bbox 1014 3739 1142 3785; x_wconf 86' lang='lat' dir='ltr'><strong><em>conatus</em></strong></span> <span class='ocrx_word' id='word_1_362' title='bbox 1155 3749 1227 3788; x_wconf 64' lang='lat' dir='ltr'><strong><em>sum,</em></strong></span> <span class='ocrx_word' id='word_1_363' title='bbox 1246 3739 1291 3776; x_wconf 59' lang='grc' dir='ltr'><strong><em>ΝΜ</em></strong></span> 
     </span>
    </p>

    <p class='ocr_par' dir='ltr' id='par_1_20' title="bbox 356 3771 1301 3865">
     <span class='ocr_line' id='line_1_48' title="bbox 356 3771 1301 3865; baseline 0.004 -17"><span class='ocrx_word' id='word_1_364' title='bbox 356 3810 421 3848; x_wconf 89' lang='lat' dir='ltr'><strong><em>esse</em></strong></span> <span class='ocrx_word' id='word_1_365' title='bbox 428 3797 578 3848; x_wconf 85' lang='lat' dir='ltr'><strong><em>naturam</em></strong></span> <span class='ocrx_word' id='word_1_366' title='bbox 592 3794 799 3864; x_wconf 86' lang='lat' dir='ltr'><strong><em>principatus,</em></strong></span> <span class='ocrx_word' id='word_1_367' title='bbox 828 3805 880 3865; x_wconf 87' lang='lat' dir='ltr'><strong><em>ut,</em></strong></span> <span class='ocrx_word' id='word_1_368' title='bbox 899 3800 1025 3854; x_wconf 87' lang='lat' dir='ltr'><strong><em>etiamsi</em></strong></span> <span class='ocrx_word' id='word_1_369' title='bbox 1036 3798 1177 3854; x_wconf 82' lang='lat' dir='ltr'><strong><em>bonosin</em></strong></span> <span class='ocrx_word' id='word_1_370' title='bbox 1189 3797 1252 3852; x_wconf 71' lang='lat' dir='ltr'><strong><em>uiros</em></strong></span> <span class='ocrx_word' id='word_1_371' title='bbox 1263 3771 1301 3845; x_wconf 67' lang='lat' dir='ltr'><strong><em>‘tl</em></strong></span> 
     </span>
    </p>

    <p class='ocr_par' dir='ltr' id='par_1_21' title="bbox 357 3859 1293 3940">
     <span class='ocr_line' id='line_1_49' title="bbox 357 3859 1293 3940; baseline -0.001 -25"><span class='ocrx_word' id='word_1_372' title='bbox 357 3859 483 3923; x_wconf 65' lang='lat' dir='ltr'><strong><em>delerit,</em></strong></span> <span class='ocrx_word' id='word_1_373' title='bbox 507 3880 567 3916; x_wconf 87' lang='lat' dir='ltr'><strong><em>nan</em></strong></span> <span class='ocrx_word' id='word_1_374' title='bbox 588 3861 641 3918; x_wconf 88' lang='lat' dir='ltr'><strong><em>diu</em></strong></span> <span class='ocrx_word' id='word_1_375' title='bbox 662 3860 826 3920; x_wconf 83' lang='lat' dir='ltr'><strong><em>talesesse</em></strong></span> <span class='ocrx_word' id='word_1_376' title='bbox 841 3867 997 3936; x_wconf 79' lang='lat' dir='ltr'><strong><em>patiatur,</em></strong></span> <span class='ocrx_word' id='word_1_377' title='bbox 1026 3870 1099 3937; x_wconf 79' lang='lat' dir='ltr'><strong><em>quin</em></strong></span> <span class='ocrx_word' id='word_1_378' title='bbox 1120 3866 1240 3922; x_wconf 83' lang='lat' dir='ltr'><strong><em>celeriter</em></strong></span> <span class='ocrx_word' id='word_1_379' title='bbox 1259 3863 1293 3940; x_wconf 66' lang='lat' dir='ltr'><strong><em>oq!</em></strong></span> 
     </span>
    </p>

    <p class='ocr_par' dir='ltr' id='par_1_22' title="bbox 357 3925 1291 4006">
     <span class='ocr_line' id='line_1_50' title="bbox 357 3925 1291 4006; baseline 0.006 -24"><span class='ocrx_word' id='word_1_380' title='bbox 357 3925 481 3984; x_wconf 81' lang='lat' dir='ltr'><strong><em>licentia</em></strong></span> <span class='ocrx_word' id='word_1_381' title='bbox 498 3937 607 3997; x_wconf 90' lang='lat' dir='ltr'><strong><em>mutet,</em></strong></span> <span class='ocrx_word' id='word_1_382' title='bbox 634 3938 689 3984; x_wconf 86' lang='lat' dir='ltr'><strong><em>aut</em></strong></span> <span class='ocrx_word' id='word_1_383' title='bbox 705 3929 851 3989; x_wconf 87' lang='lat' dir='ltr'><strong><em>molestiis</em></strong></span> <span class='ocrx_word' id='word_1_384' title='bbox 869 3935 1006 4006; x_wconf 85' lang='lat' dir='ltr'><strong><em>curisque</em></strong></span> <span class='ocrx_word' id='word_1_385' title='bbox 1021 3953 1057 3991; x_wconf 89' lang='lat' dir='ltr'><strong><em>uc</em></strong></span> <span class='ocrx_word' id='word_1_386' title='bbox 1073 3933 1291 4004; x_wconf 72' lang='lat' dir='ltr'><strong><em>pernatamus·</em></strong></span> 
     </span>
    </p>

    <p class='ocr_par' dir='ltr' id='par_1_23' title="bbox 356 3996 1290 4074">
     <span class='ocr_line' id='line_1_51' title="bbox 356 3996 1290 4074; baseline 0.011 -23"><span class='ocrx_word' id='word_1_387' title='bbox 356 4005 432 4052; x_wconf 88' lang='lat' dir='ltr'><strong><em>nsat.</em></strong></span> <span class='ocrx_word' id='word_1_388' title='bbox 473 3996 547 4053; x_wconf 76' lang='lat' dir='ltr'><strong><em>Tam</em></strong></span> <span class='ocrx_word' id='word_1_389' title='bbox 562 4015 670 4067; x_wconf 82' lang='lat' dir='ltr'><strong><em>anceps</em></strong></span> <span class='ocrx_word' id='word_1_390' title='bbox 685 3999 792 4074; x_wconf 77' lang='lat' dir='ltr'><strong><em>igitar,</em></strong></span> <span class='ocrx_word' id='word_1_391' title='bbox 809 4003 929 4069; x_wconf 78' lang='lat' dir='ltr'><strong><em>Caesar,</em></strong></span> <span class='ocrx_word' id='word_1_392' title='bbox 950 4021 986 4062; x_wconf 87' lang='lat' dir='ltr'><strong><em>ac</em></strong></span> <span class='ocrx_word' id='word_1_393' title='bbox 997 4003 1146 4068; x_wconf 76' lang='lat' dir='ltr'><strong><em>luorribile</em></strong></span> <span class='ocrx_word' id='word_1_394' title='bbox 1158 4001 1290 4060; x_wconf 78' lang='lat' dir='ltr'><strong><em>disertam</em></strong></span> 
     </span>
    </p>
   </div>
   <div class='ocr_carea' id='block_1_6' title="bbox 392 4167 673 4308">
    <p class='ocr_par' dir='ltr' id='par_1_24' title="bbox 392 4167 673 4308">
     <span class='ocr_line' id='line_1_52' title="bbox 392 4167 673 4243; baseline 0.007 -17"><span class='ocrx_word' id='word_1_395' title='bbox 392 4168 465 4243; x_wconf 78' lang='lat' dir='ltr'><strong><em>(lup.</em></strong></span> <span class='ocrx_word' id='word_1_396' title='bbox 481 4171 584 4228; x_wconf 75' lang='lat' dir='ltr'><strong><em>xxvi.</em></strong></span> <span class='ocrx_word' id='word_1_397' title='bbox 602 4167 673 4228; x_wconf 79' lang='lat' dir='ltr'><strong><em>Dio.</em></strong></span> 
     </span>
     <span class='ocr_line' id='line_1_53' title="bbox 552 4271 556 4308; baseline 0 0"><span class='ocrx_word' id='word_1_398' title='bbox 552 4271 556 4308; x_wconf 83' lang='grc' dir='ltr'>ι</span> 
     </span>
    </p>
   </div>
   <div class='ocr_carea' id='block_1_7' title="bbox 0 0 1356 4686">
    <p class='ocr_par' dir='ltr' id='par_1_25' title="bbox 0 0 1356 4686">
     <span class='ocr_line' id='line_1_54' title="bbox 0 0 1356 4686; baseline 0 0"><span class='ocrx_word' id='word_1_399' title='bbox 0 0 1356 4686; x_wconf 95' lang='lat' dir='ltr'><strong><em> </em></strong></span> 
     </span>
    </p>
   </div>
  </div>
 </body>
</html>
