2596 4686
326 293 385 376 17s
413 293 616 360 raasson.
633 285 1279 368 sorrnsamnroaonmsmxxn.

160 503 304 574 Eunai·
386 509 503 568 XXXI.
535 504 653 573 Paucis
677 503 746 590 post
771 507 907 578 diebus,
936 525 1034 591 quum
1053 507 1173 566 Caesar
1194 493 1292 652 oircuq

157 580 194 632 Α·
212 577 245 660 ⁰,-
258 577 304 642 46·
324 589 437 662 villas,
459 589 516 651 ubi
531 585 639 648 rustici
654 586 769 670 fruges
781 589 814 650 in
828 587 1051 650 subterraneis
1065 587 1226 672 specubus
1237 607 1284 648 con

56 697 63 718 ι
158 647 298 726 1*ωωῖ
322 671 492 744 diderant,
531 669 762 732 frumentatum
790 672 955 742 mitteret,
987 669 1150 730 Labienus
1181 667 1292 730 insidia

41 715 47 740 ¹
132 717 254 772 insidier
271 730 310 766 rr.

131 785 208 842 ,sm
224 752 444 849 ‘qm-,struma
469 751 539 825 sed,
562 771 599 814 re
613 765 792 836 comperta,
816 754 936 820 Caesar
950 751 1174 824 insidiatores,
1198 753 1281 812 occisi

132 835 258 909 anun,
322 835 429 898 ferme
452 833 660 918 quingentis,
692 833 812 915 dejecit
832 835 922 909 loco,
955 833 1133 896 Labienum
1159 853 1218 904 ue,
1246 839 1281 894 su'

322 939 394 980 oum
416 917 561 1001 equitatu
575 915 761 980 venientem
775 916 913 990 auxilio,
936 917 1101 999 legionum
1119 854 1245 995 objectu
1256 916 1286 976 da

321 1000 451 1062 terruit·
480 997 656 1070 Numidae,
680 999 753 1082 qui,
775 999 849 1060 loco
867 999 995 1071 amiss'o,
1018 999 1052 1058 in
1071 995 1169 1058 castra
1186 995 1286 1080 refuge

320 1094 410 1155 rant,
433 1081 574 1166 imperio
592 1079 696 1143 Jubae
714 1080 867 1144 crucibus
887 1078 984 1142 adfixi
999 1079 1237 1164 pependerunt.

188 1198 322 1252 caesare·x
382 1189 513 1252 xxxlt.
543 1187 711 1272 Fatigabat
730 1201 837 1248 tamen
853 1187 1025 1250 Caesarem
1044 1187 1156 1270 inopia
1174 1185 1283 1247 frumen

137 1267 308 1324 mtmt'it'm
321 1270 365 1344 ti,
389 1285 422 1333 et
436 1269 525 1354 quod
541 1290 611 1332 eam
628 1271 670 1332 ob
685 1270 904 1332 necessitatem
919 1275 1121 1353 quacumque
1132 1267 1271 1364 proiectu

137 1338 239 1436 Μ’,
321 1354 485 1436 equitatus
520 1366 553 1414 et
584 1351 666 1415 levis
700 1365 859 1414 armatura
887 1353 1097 1414 Numidarum
1129 1347 1281 1412 infestabat

50 1434 53 1440 ’
320 1434 596 1497 velcxhominum
635 1453 735 1506 enus,
757 1433 849 1497 etad
888 1433 1142 1504 recurrendum,
1166 1447 1217 1501 et,
1238 1434 1282 1492 teli

315 1517 491 1598 conjectis,
512 1515 552 1576 ad
570 1455 799 1599 refugiendum
819 1455 945 1578 haina·
967 1536 1075 1601 neque
1093 1513 1146 1576 his
1166 1514 1281 1578 resistet¹

319 1601 468 1662 Caesaris
495 1599 657 1682 equitatus
683 1599 753 1660 sine
775 1598 961 1696 legionibus
982 1611 1122 1682 poterat.
1173 1599 1292 1670 idcirco¹

317 1680 398 1746 licet
415 1694 586 1742 veteranos
602 1680 1024 1754 baberetmilrtes,1tamen,
1045 1679 1292 1764 quemadmodum

318 1763 560 1825 contraderem
586 1775 619 1824 et
636 1777 907 1826 concursatorem
931 1761 1050 1827 bostem
1074 1785 1110 1826 se
1127 1775 1292 1832 tuerentur,

127 1895 128 1902 ,
216 1845 219 1851 ’
317 1857 478 1928 tamquam
493 1842 601 1906 lanista
617 1843 743 1907 tirones
758 1847 853 1918 solet,
876 1836 1025 1909 accurate
1045 1845 1168 1908 docere
1187 1843 1292 1907 coactos

319 1925 373 1990 att.
418 1927 468 1988 ad
487 1925 551 1988 hoo
570 1947 610 1989 ex
629 1927 767 2010 singulis
789 1927 974 2011 legionibus
998 1941 1167 1991 trecentos
1185 1926 1292 2009 jubebat

318 2027 359 2070 ex
383 2007 489 2070 editos
504 2008 678 2083 incedere,
702 2029 840 2096 quornm
857 2031 958 2072 onera
976 2027 1010 2074 et
1027 2011 1176 2074 sarcinae
1195 2033 1212 2071 a
1228 2015 1292 2086 com,

316 2032 520 2154 miiitonibus
538 2091 770 2176 portabantur,
793 2107 846 2166 ut,
869 2091 901 2154 in
928 2109 1042 2156 ruente
1062 2090 1169 2168 hoste,
1191 2089 1292 2175 praesta

318 2173 430 2245 ess'ent,
455 2175 511 2258 qui
528 2173 759 2255 objicerentur.
794 2175 882 2238 Haec
903 2113 1072 2260 iitigenria
1089 2191 1212 2238 tanturn
1227 2195 1292 2250 emo,

217 2288 238 2326 κ,
317 2256 454 2318 lomenti
475 2253 576 2318 rebus
598 2255 668 2338 ejus
688 2256 821 2331 adtulit,
850 2272 885 2320 ut
906 2277 1006 2342 saepe
1028 2271 1190 2330 tentatus,
1219 2259 1292 2332 aba

218 2359 220 2367 ’
317 2335 416 2398 bieno
445 2340 658 2420 praesertim,
688 2339 790 2421 multo
814 2339 886 2424 plus
912 2340 1020 2404 damni
1040 2337 1292 2418 darethossibns,

319 2439 412 2501 quam
427 2419 608 2504 acciperet:
635 2441 743 2504 neque
761 2441 801 2482 eo
817 2422 924 2484 minus
940 2424 1115 2509 plerasque
1129 2423 1292 2508 expeditio

318 2519 397 2574 nes,
420 2521 485 2585 qno
504 2501 637 2564 volebat
654 2515 791 2576 eventu,
813 2503 949 2568 iaceret.
1291 2553 1292 2584 ,

156 2598 298 2690 Varamos
380 2607 526 2668 xxxnl.
548 2597 645 2682 Nam,
667 2622 799 2692 praeter
816 2607 951 2674 hostium
968 2611 1066 2676 eastra
1085 2611 1194 2676 ductis
1209 2609 1292 2693 legin

137 2679 435 2764 ⁰3¹⁶⁸l⁴⁸nibns,
466 2688 621 2774 oppidum
640 2691 749 2752 Zetam
771 2693 878 2777 cepit,
910 2716 1017 2780 noque
1036 2695 1091 2758 diu
1110 2692 1181 2778 post
1198 2695 1292 2756 Sarsnt

139 2747 242 2804 ΨΜ·
319 2793 398 2834 ram.
441 2771 627 2836 Veccenses
648 2785 773 2848 tamen,
804 2796 901 2860 quum
921 2777 1292 2861 praesidiumaCaessrt

311 2855 481 2938 .petiss'ent,
503 2855 690 2937 priusquam
706 2855 788 2918 illnd
802 2859 1003 2940 perveniret,
1019 2881 1036 2920 a
1054 2879 1133 2942 rege
1144 2859 1227 2924 Juba
1242 2877 1292 2928 ona

316 2957 379 3022 nes
394 2936 434 2997 ad
452 2957 548 2996 unum
565 2935 734 2998 interiecti
753 2953 844 3012 sunt,
867 2939 1020 3024 oppidum
1040 2941 1112 3004 dire
1137 2954 1205 3004 tum
1221 2939 1292 3024 dela,

314 3031 459 3102 tumque.
503 3023 570 3080 Nec
591 3017 667 3080 ideo
687 3019 793 3084 minus
813 3013 1061 3096 Thebenense's‚
1085 3045 1101 3082 a
1142 3043 1232 3085 mare
1246 3021 1270 3081 si
1291 3025 1292 3030 ’

314 3119 380 3162 non
403 3121 515 3184 magno
537 3099 669 3173 civitas,
693 3123 710 3163 a
732 3124 812 3198 rege
833 3101 1042 3178 defecerunt,
1067 3104 1198 3176 occiso,
1221 3124 1259 3186 qu

314 3181 362 3244 ibi
375 3179 500 3254 iuerat,
523 3181 706 3264 praesidio:
730 3187 847 3272 qtubus
863 3187 1049 3271 petentibus
1064 3187 1218 3250 auxilium
1231 3187 1283 3246 Cae

316 3283 369 3324 sar
391 3267 435 3325 Μ.
457 3263 609 3348 Crispum
631 3265 801 3328 tribunum
819 3289 892 3330 cum
915 3267 1052 3332 cohorte
1077 3283 1109 3332 et
1131 3266 1281 3354 sagittarii

208 3409 212 3416 ,
314 3346 553 3442 tormentisque
583 3347 804 3430 compluribus
829 3349 929 3412 misit.
980 3351 1046 3414 Sub
1072 3349 1157 3414 idem
1181 3365 1281 3432 tempo

278 3496 281 3504 ,
314 3447 418 3492 novae
436 3449 549 3512 copiae
567 3445 727 3494 venerunt
747 3433 787 3494 ad
804 3435 974 3496 Caesarem
994 3453 1034 3496 ex
1052 3433 1114 3504 iis,
1145 3433 1202 3518 qui
1220 3451 1283 3492 mor

239 3571 245 3582 ,
313 3507 348 3570 bi
366 3511 485 3584 cauffo,
505 3524 559 3572 aut
574 3526 753 3574 commeatu
767 3515 951 3598 impetrato,
974 3517 1067 3600 prius
1081 3511 1233 3596 trajicere
1248 3532 1283 3572 ne

315 3591 500 3674 quiverant,
524 3593 660 3654 militum
677 3610 816 3676 quatuor
831 3597 949 3670 millia,
971 3597 1201 3681 quadringenti
1215 3593 1281 3678 equ*

113 3697 115 3704 ’
141 3693 143 3705 ·
216 3685 220 3693 “
312 3685 384 3744 tes,
407 3669 608 3736 funditorum
627 3677 932 3764 sagittariorumque
950 3680 1051 3742 mille.
1070 3685 1190 3744 ,Tanto
1204 3675 1280 3760 magi

224 3808 227 3822 ,
313 3753 408 3818 dabat
426 3777 574 3839 operam,
596 3772 632 3820 ut
647 3757 687 3820 de
703 3780 824 3824 summa
838 3781 948 3823 rernm
964 3761 1146 3835 dimicaret,
1170 3761 1233 3824 sibi
1247 3759 1282 3820 mi

313 3835 432 3923 ditique
451 3852 605 3902 veterano
622 3837 745 3906 fidens:
767 3857 810 3921 et,
833 3843 909 3930 quia
922 3841 1063 3916 bostesa
1078 3842 1292 3986 munitioqibuq

803 3941 806 3958 ,
1229 3945 1261 3988 0,
1291 3949 1292 4036 1

348 4139 421 4207 Cap.
437 4139 567 4194 xxxflt.
587 4139 708 4209 Strabo,
727 4139 748 4199 Ι.
767 4157 808 4211 ¹7·
828 4143 931 4216 p.b31.
949 4141 1035 4203 Aust.
1052 4141 1089 4203 de
1103 4141 1197 4200 Afric.
1215 4143 1287 4196 Fron

313 4207 369 4262 tia.
394 4210 484 4264 Sint.
505 4229 528 4282 r,
543 4211 572 4270 3.
708 4237 712 4246 r
996 4263 1004 4284 ·
1258 4242 1265 4251 ·
1291 4273 1292 4278 η
