2596 4686
324 325 607 408 ἰοιϊιιιιιιιιιι
618 325 1123 408 surrnauanronuunm
1132 317 1291 404 cxxvii.

329 479 462 490 -ι--ι-ιι

153 551 190 606 tJ.
204 568 230 605 e.
241 547 303 618 nol.
384 550 439 616 Vl.
454 553 576 633 -Neque
593 549 685 636 piget
702 549 886 636 principum
905 549 1068 622 virorum,
1092 547 1188 616 etiam
1210 551 1280 631 sing

145 623 193 676 Ἀ·
210 619 304 703 0348.
323 633 449 708 lorum,
480 633 618 697 consilia
640 632 777 706 referre
791 643 825 692 et
845 630 919 692 fata.
971 630 1047 692 Duo
1070 630 1175 692 ferme
1201 651 1281 713 gene

144 689 312 804 P⁰'¹'‚ss'¹¹‘”i'
326 728 418 777 erant
438 715 631 774 universim.
663 714 720 796 qui
738 712 888 774 Caesaris
911 711 1081 774 clementia
1102 709 1207 776 lidere
1229 727 1291 810 potq

136 773 417 882 {ffipgfmranm
447 793 557 857 ubivis
575 793 724 856 locorum
745 791 978 868 subsistebant,
1001 792 1106 856 donec
1123 813 1185 877 per
1205 792 1291 926 depq

325 891 475 950 catores,
505 874 584 962 quid
603 874 678 956 lieri
699 876 755 936 ille
776 875 900 948 uellet,¹
924 877 1167 959 comperirent:
1202 889 1291 942 ceter,

325 961 445 1044 quibus
466 957 563 1018 nimia
580 957 655 1020 odia
672 955 834 1042 quidlibet
850 958 970 1029 tutius,
993 979 1086 1040 quam
1105 957 1257 1019 Caesaris

271 1072 275 1100 ι
323 1041 478 1114 hitrium,
499 1039 667 1112 fecerant,
690 1039 828 1102 ubilibet
845 1051 1006 1099 terrarum
1024 1039 1243 1102 rebellionem
1261 1060 1289 1097 m

327 1120 522 1186 ditabantur.
567 1121 608 1207 Q.
628 1122 745 1182 Cicero
766 1119 871 1192 lilius,
903 1139 1000 1204 quum
1017 1122 1156 1204 Corcyra
1176 1119 1288 1183 disced

244 1253 246 1264 ,
326 1211 437 1278 retur,
469 1207 584 1268 Patras
604 1203 713 1274 venit,
743 1203 909 1288 ubipater
929 1201 998 1282 ejus
1019 1219 1085 1266 tum
1106 1204 1239 1288 agebat:

326 1291 485 1349 unacum
507 1287 616 1348 multis
640 1284 712 1346 aliie
736 1283 941 1348 senatoribus
969 1283 1008 1346 ad
1030 1283 1156 1348 Fufium
1172 1285 1291 1360 llalend

330 1390 367 1436 stt
387 1369 542 1442 contulit,
566 1389 661 1454 quem
680 1387 698 1427 a
714 1365 854 1430 Caesare
872 1366 1110 1430 miffum‘luiffe
1129 1369 1164 1430 in
1176 1361 1291 1445 Acbaj'

329 1451 564 1538 praediximus.
607 1452 656 1510 Ex
675 1469 714 1509 eo
734 1470 869 1510 numero
889 1449 961 1510 Ser.
980 1449 1164 1534 Sulpicius,
1188 1450 1231 1510 A.
1246 1383 1291 1508 'td

312 1548 466 1618 quates,
496 1535 541 1595 M.
557 1531 731 1594 Marcellus
747 1530 885 1594 Athonis
904 1527 1132 1594 sublliterunt:
1162 1532 1198 1592 in
1219 1529 1291 1664 Bith

329 1617 416 1676 niam
441 1633 476 1677 se
494 1615 533 1676 Τ.
552 1610 707 1676 Antistius
728 1613 767 1674 ad
784 1611 949 1674 hominem
968 1611 1160 1676 familiarem
1178 1614 1221 1674 A.
1237 1611 1291 1674 Pla

330 1697 413 1758 tium
437 1697 584 1780 recepit,
612 1695 788 1780 pluresque
810 1695 865 1756 alii
886 1713 947 1779 per
968 1693 1116 1759 diversas
1132 1695 1235 1757 Asiae
1254 1687 1291 1776 prl

332 1778 459 1840 vincias
480 1777 617 1850 victoris
639 1777 842 1840 clementiam
862 1791 1102 1860 exspectarunt.
1147 1779 1259 1859 Atque

222 1860 228 1872 '
333 1859 484 1922 omnibus
511 1861 603 1924 ocius
630 1860 753 1930 serius,
785 1873 821 1922 ut
845 1857 963 1942 cuique
992 1881 1065 1922 sors
1089 1859 1185 1934 suits
1207 1861 1284 1942 igno

333 1943 481 2020 Caesar3'
506 1939 718 2026 quorumdem
742 1940 840 2004 etiarn
863 1961 964 2026 opera
986 1941 1143 2026 deinceps
1167 1959 1286 2002 ususe

332 2021 601 2109 magistratusque
620 2021 662 2084 iis
679 2035 714 2084 et
727 2023 916 2108 provincias
933 2023 1034 2087 dedit.
1067 2021 1121 2098 At,
1145 2023 1291 2124 quibusq

334 2126 459 2170 novare
475 2107 597 2170 bellum
612 2104 750 2200 placuit,
773 2091 893 2189 partini
905 2104 938 2166 in
955 2107 1034 2189 ipso.
1048 2119 1167 2170 conatu
1185 2103 1291 2172 exstinl

222 2243 224 2246 .
336 2202 430 2261 suut,
451 2188 603 2274 plerique
620 2208 654 2249 tn
669 2185 816 2282 Africam
834 2209 870 2250 se
890 2189 1109 2273 contulerunl·
1290 2189 1291 2258 l

171 2303 310 2378 -Pumpq'l
399 2292 479 2361 Vll.
500 2293 696 2378 Pompeius,
725 2293 775 2356 uti
797 2292 955 2368 diximus,
986 2291 1136 2358 constris
1158 2293 1230 2357 suis
1252 2259 1291 2380 ed

157 2379 239 2449 Iaso·
337 2376 486 2460 lugiens,
511 2369 684 2453 Larillam3
705 2375 786 2436 inde
800 2395 863 2459 per
877 2375 1055 2438 Tbellalica
1069 2379 1216 2462 Tempe,
1242 2377 1291 2460 atil

207 2529 211 2536 ⁴
338 2461 401 2546 per
422 2471 553 2520 noctem
571 2457 760 2530 continuato
779 2477 894 2531 cursu,
925 2479 997 2520 cum
1014 2456 1182 2543 equitibus
1201 2459 1291 2554 tripli

296 2618 299 2624 Ι
322 2541 381 2608 ad
402 2560 490 2604 mare
509 2539 611 2601 venit.
653 2538 702 2603 lbi
726 2557 907 2602 conscensu
930 2560 1033 2636 parvo
1053 2555 1086 2604 et
1106 2535 1263 2604 fluviatili
1282 2557 1291 2600 ι

338 2623 431 2707 rigia
449 2621 593 2710 paullum
610 2636 805 2704 provectus,
828 2621 862 2682 in
882 2619 961 2684 ollio
976 2621 1080 2684 Penei
1097 2623 1200 2688 amnis
1221 2611 1291 2718 orel

338 2705 421 2772 riam
447 2703 618 2786 conspexit
642 2703 916 2798 praevebentem,
946 2704 1140 2790 agnitusque
1162 2726 1181 2765 a
1203 2703 1291 2790 donq

337 2789 450 2861 naris,
480 2800 548 2848 tum
568 2803 705 2847 maxume
726 2785 885 2847 somnium
908 2807 1000 2846 suum
1021 2799 1207 2871 exponente
1227 2797 1291 2870 req

337 2870 441 2942 ribus,
465 2880 636 2956 susceptus
654 2865 709 2928 est.
745 2865 878 2954 Quippe
896 2887 957 2952 per
975 2867 1118 2954 quietem
1130 2868 1291 2958 Pompejq'

336 2951 436 3035 longe
464 2949 607 3036 dispari,
642 2969 737 3036 quam
764 2947 828 3020 elle
854 2965 1088 3023 consueverat,
1119 2951 1212 3014 cultu
1243 2967 1291 3036 opt

339 3054 429 3094 suam
448 3053 487 3096 ex
512 3043 695 3104 oscentem,
718 3029 857 3094 viderat.
899 3032 1187 3097 Transcendcrant
1206 3041 1291 3100 cum}

337 3115 377 3174 L.
393 3055 569 3186 Lentulus,
594 3113 651 3199 qui
670 3113 843 3197 superiore
863 3133 946 3178 anno
966 3113 1081 3180 consul
1098 3113 1228 3188 fuerat,
1253 3107 1291 3175 etl

338 3195 497 3280 Lentulus
512 3193 713 3268 consularis,
735 3207 769 3256 et
784 3197 829 3256 tt.
842 3195 1005 3257 Favonius
1022 3196 1223 3280 praetorius.
1248 3195 1291 3274 del

340 3275 382 3344 tle
406 3290 439 3339 et
459 3297 571 3361 regom
591 3275 799 3356 Deiotarum,
830 3296 916 3364 equo
940 3292 1174 3366 properantem
1195 3279 1241 3342 ad
1263 3277 1291 3343 iil

342 3357 541 3442 conspicati,
565 3377 735 3441 recepere.
767 3407 771 3427 ,
1290 3353 1291 3374 ¹

313 3535 315 3540 ,
389 3457 474 3522 VIII.
497 3455 575 3518 inde
589 3475 650 3540 per
660 3454 889 3520 ‘l'bermai'eum
902 3451 1018 3530 sinum,
1030 3471 1064 3522 et
1076 3447 1237 3542 deinceps
1250 3479 1291 3540 pr

301 3581 304 3590 ›
341 3551 394 3608 ter
407 3537 630 3602 Macedoniam
646 3535 744 3610 vecti,
767 3538 806 3598 ad
818 3537 1041 3623 Amphipolim
1054 3539 1203 3621 jecerunt
1220 3537 1291 3618 ancl

341 3639 430 3682 ram:
455 3641 548 3703 quam
566 3619 606 3682 ad
625 3618 737 3684 urbem
755 3619 862 3704 edicto
879 3622 1057 3686 convenire
1075 3621 1226 3702 juniores
1240 3624 1291 3684 Grl

273 3723 277 3732 ·
342 3722 400 3770 cos
420 3699 574 3786 civesque
591 3703 754 3774 Romanos
776 3700 921 3776 'offeram
944 3703 1196 3786 reparandarum
1222 3704 1291 3766 viri

342 3803 442 3866 ergo,
467 3783 496 3844 si
512 3783 649 3870 spatium
662 3724 820 3849 humidat
826 3805 837 3864 3
868 3807 908 3848 an
926 3787 1050 3871 magis,
1072 3785 1222 3870 utlaga,
1249 3801 1291 3871 qu

301 3909 302 3912 ,
349 3910 673 3938 ............,-.
762 3953 766 3959 Ι

381 3969 458 4042 cap.
471 3970 525 4050 vl.
550 3969 618 4027 Dio.
643 3969 772 4047 Appian.
798 3971 863 4032 Cio.
880 3971 919 4030 ad
933 3973 994 4030 Att.
1013 3993 1054 4044 rr,
1070 3975 1098 4032 ὅ.
1118 3983 1148 4030 et
1163 3973 1207 4032 15.
1237 3974 1291 4046 sup

350 4057 410 4106 ιιι,
425 4047 469 4108 aa.
491 4039 553 4094 cre.
572 4038 609 4093 ad
623 4041 703 4096 Fam.
718 4044 745 4108 6,
763 4061 786 4098 ι.
805 4052 834 4096 et
848 4049 874 4108 lt,
893 4061 933 4100 ra.
954 4054 984 4098 et
1000 4045 1041 4111 13,
1051 4062 1094 4111 aq.
1110 4054 1140 4098 ct
1149 4043 1223 4097 alibi
1233 4039 1291 4117 pall

349 4107 473 4168 Straton.
494 4109 577 4164 Caes.
593 4111 638 4178 75.
676 4110 750 4190 Gap.
769 4111 833 4168 Vll.
860 4111 942 4172 Flos.
958 4117 991 4179 4,
1008 4133 1034 4170 2.
1052 4115 1160 4168 Lucan.
1176 4113 1204 4178 8,
1225 4135 1251 4171 ι.
1270 4111 1291 4176 Pl

348 4179 454 4252 Pomp.
480 4177 606 4251 Appian.
624 4175 718 4233 'Gaea
742 4180 820 4238 Plut.
846 4175 931 4239 Oros.
947 4183 973 4242 ὁ.
992 4183 1034 4242 nli.
1056 4179 1137 4240 Plus.
1157 4182 1239 4244 vall.
1257 4201 1291 4250 a,

350 4245 426 4311 rtur.
464 4249 537 4328 Cap.
551 4245 629 4307 v111.
649 4249 734 4312 Gneo,
753 4245 880 4328 Appiae.
898 4249 1007 4332 Lucan.
1290 4249 1291 4288 ἕ
