2658 4686
324 281 385 348 buu
424 278 624 346 FREINSH.
636 279 1049 346 smnunuuonuu
1063 280 1267 344 mem

159 487 302 557 (lm-¹7¹³·
326 502 357 550 et
372 492 484 550 tollere
501 491 600 549 malos
617 493 664 562 ei,
683 511 776 566 quam
793 489 915 568 efficere
928 490 1039 560 bonos,
1056 487 1167 546 muita
1181 497 1232 572 est
1243 509 1306 562 pro·
1324 504 1325 554 s

158 557 194 613 Α.
204 557 238 614 G·
250 577 296 630 ¹9·
326 563 447 620 clivius.
483 563 524 616 At
538 559 609 628 illa,
629 580 721 634 quam
736 564 902 636 praecipio.
921 560 1036 614 lenitas
1052 556 1204 614 incidere
1220 577 1252 612 sn
1265 571 1304 614 to·
1324 571 1325 586 ¹

325 631 373 687 lio
397 630 525 714 ingenio
546 636 664 700 potest,
693 647 771 702 quae
789 631 888 688 latere
905 629 983 683 uitia
1000 645 1057 682 sua
1076 627 1304 692 existimando,

326 705 383 754 out
399 707 495 756 etiam
513 695 670 754 moderate
687 700 845 772 castigata
863 695 1039 760 sentiendo,
1064 698 1191 750 iterum
1209 713 1306 766 pecco-

323 785 357 822 re
375 766 507 838 pudeat:
525 761 646 830 eadem,
663 765 832 839 publicatis
849 764 974 844 delictis
990 765 1069 832 suis,
1089 773 1151 818 aut
1167 763 1305 818 acerbius

324 836 454 903 punitis,
473 831 688 890 uerecundiam
705 844 878 908 metumque
897 833 1061 904 abjiciant,
1080 839 1123 898 et,
1145 841 1306 904 tuasquan

323 903 453 980 gravisus
468 899 547 957 nihil
561 919 703 971 passura,
715 901 844 974 frenum
857 900 1087 968 cupiditatibus
1097 899 1230 954 laxent.
1249 899 1308 954 Hac

320 989 384 1045 ego
408 979 437 1024 te
462 967 673 1026 moderatione
696 975 778 1029 eirca
797 969 913 1026 delicta
930 968 1091 1028 hominum
1112 970 1257 1036 versari,
1280 971 1326 1021 at*

324 1034 466 1096 eumdem
483 1040 518 1092 in
533 1037 681 1096 ornandis
697 1047 779 1096 recte
791 1039 889 1111 factis
906 1035 1111 1092 immodicum
1157 1034 1308 1106 rosusuns·

326 1124 382 1181 que
401 1105 479 1162 uolo·
499 1106 580 1162 Nam
597 1112 632 1162 ut
648 1107 693 1163 ibi
708 1103 945 1182 mansuetudine
963 1113 1017 1162 tua
1034 1123 1113 1176 quos
1167 1123 1201 1157 ns
1217 1121 1236 1156 a
1250 1121 1308 1175 pec·

325 1171 424 1232 cando
441 1171 600 1242 monebis,
619 1175 666 1230 ita
682 1174 733 1232 hic
752 1193 853 1232 ornnes
872 1171 913 1230 od
931 1171 1028 1248 officii
1046 1174 1248 1244 virtutisque
1265 1190 1307 1225 eo-

324 1260 393 1298 ram
411 1241 628 1306 beneficiorum
647 1244 868 1317 magnitudine,
881 1239 1050 1315 pertrahes.
1080 1241 1197 1310 Neque
1216 1257 1309 1293 sereo-

324 1329 374 1378 re,
392 1308 569 1380 nequando
588 1319 617 1366 te
634 1314 783 1378 pecuniae
800 1309 964 1377 dejiciant,
983 1317 1040 1366 aut
1059 1307 1146 1382 alia,
1169 1307 1253 1364 unde
1267 1308 1309 1362 be-

324 1375 571 1503 t‘ftitts‘lt‘l
585 1379 667 1503 ‘iil‘
683 1379 1309 1504 ”titltilittt'“”;2“bt:³tt¹¹tt³“t²

313 1463 435 1588 'qtsiiims
453 1511 523 1580 des)
536 1465 599 1578 ⁸siut
615 1465 791 1572 negnialam
809 1515 867 1570 tibi
883 1483 1024 1588 gratiim
1038 1514 1090 1568 sic
1109 1511 1225 1568 habiti
1241 1463 1309 1594 iile!
1326 1487 1327 1536 3

280 1622 285 1632 .
324 1591 407 1638 rant.
427 1581 551 1638 nullum
569 1581 650 1638 enim
669 1594 734 1640 tam
753 1589 875 1658 agreste
893 1597 930 1640 ac
940 1581 1048 1654 ferum
1070 1591 1119 1636 est
1135 1583 1308 1654 ingenium,

324 1649 406 1726 qrtod
423 1669 498 1716 non,
523 1657 558 1705 ut
576 1651 643 1708 alia
661 1652 785 1708 uincula
803 1651 968 1726 spreverit,
986 1647 1113 1705 duobus
1132 1648 1186 1704 his
1205 1651 1248 1704 sit
1264 1649 1308 1703 slo-

323 1715 458 1774 mabile:
485 1719 513 1772 si
536 1735 719 1793 nempe·nec
742 1717 893 1790 iniuriam
912 1720 1076 1790 patiatur,
1106 1725 1142 1772 et
1162 1715 1307 1782 beneficia

323 1789 450 1842 sentiat.
492 1787 719 1860 Propemodum
737 1789 878 1862 exegisse
896 1785 1001 1845 videor
1045 1784 1188 1858 qualem
1213 1785 1306 1840 adser-

323 1873 376 1911 sus
393 1855 480 1910 uaria
499 1863 669 1912 ceterorum
686 1875 803 1931 genera
821 1862 850 1910 te
867 1871 975 1979 {erere
993 1821 1136 1913 debeas.-
1157 1853 1306 1935 reliquum
1327 1880 1328 1940 χ

324 1930 387 1983 est,
416 1929 450 1976 ut
473 1919 658 1994 edisseram,
687 1921 870 1998 quemadmo
896 1943 946 1978 um
971 1919 1169 1979 versandum
1196 1923 1230 1976 in
1251 1921 1328 1990 bu„

309 2007 404 2066 ¹quae
423 1987 464 2046 ad
483 1997 512 2046 te
528 1993 702 2063 pertinent,
720 1993 863 2050 sentiam.

129 2119 296 2214 ''Hsmum
385 2125 482 2188 Lxll.
511 2135 547 2193 in
565 2137 740 2194 uniuersum
758 2141 891 2212 recipcre
909 2137 1014 2196 nullos
1030 2137 1176 2197 honores
1196 2161 1216 2196 a
1231 2159 1305 2198 scne-

143 2198 312 2252 ¹⁸⁸⁰lml¹ffl
328 2215 362 2263 tu
380 2215 436 2264 aut
454 2206 693 2280 quibuscumque
711 2205 833 2264 delatos
850 2205 960 2274 debes,
991 2209 1045 2281 qui
1065 2209 1179 2266 uerbis
1199 2219 1252 2264 aut
1267 2227 1304 2262 re·

144 2267 313 2342 'winm-
328 2275 384 2331 bus
402 2273 525 2348 aliquid
542 2271 679 2330 habeant
695 2273 842 2332 insolitae
862 2272 1084 2348 adrogantiae.
1135 2281 1224 2334 Nam
1241 2287 1306 2332 cete-

142 2347 206 2390 ¹⁴⁸·
327 2344 371 2398 ris
395 2343 519 2416 quidem
543 2360 561 2396 a
586 2349 615 2396 te
631 2341 764 2414 profecti
779 2342 908 2400 honores
927 2353 1117 2400 ornamento
1137 2357 1233 2412 sunt,
1259 2345 1308 2400 tibi

328 2429 397 2466 vero
416 2407 491 2484 quid
509 2409 580 2466 dari
592 2417 694 2482 potest
710 2411 767 2478 iis,
786 2429 864 2486 quae
879 2407 990 2480 habas,
1010 2415 1217 2486 augustius?
1237 2413 1309 2488 Quin

326 2487 359 2536 et
376 2477 569 2534 adulationis
586 2479 791 2551 suspicionem
810 2481 860 2535 uin
878 2473 937 2550 effu
965 2479 1008 2548 it,
1035 2479 1204 2554 quidquid
1226 2485 1308 2550 impe-

327 2548 412 2602 ranti
430 2543 615 2600 decernitur.
649 2565 702 2602 nec
720 2550 801 2603 enirn
820 2545 914 2604 aliter
930 2495 1115 2604 thereturos
1125 2548 1238 2620 fuisse
1255 2566 1308 2604 cre·

328 2613 430 2670 ditur:
450 2611 615 2685 eodemque
631 2632 696 2670 rem
713 2615 833 2684 redire,
852 2623 885 2668 at
906 2635 943 2674 ue
960 2619 988 2672 si
1004 2615 1069 2671 sibi
1086 2618 1157 2687 ipsi
1171 2621 1276 2692 prinis
1295 2637 1306 2674 s

326 2684 389 2738 istu
412 2681 631 2756 gratificetur,
657 2701 717 2740 non
736 2681 826 2741 modo
843 2632 966 2740 nullum
984 2681 1057 2738 inde
1077 2683 1250 2740 relaturus
1285 2707 1310 2740 e·

329 2769 400 2816 cus,
424 2747 477 2804 sed
495 2745 667 2806 ludibrium
686 2751 770 2806 ultro
788 2750 959 2808 debiturus.
1000 2753 1046 2808 'lu
1073 2770 1151 2808 vero
1178 2757 1309 2828 egregiis

321 2817 423 2893 sactis
446 2833 562 2892 augere
577 2813 702 2886 famam
720 2827 891 2876 memento.-
915 2827 1040 2876 statuas
1057 2817 1111 2874 vel
1130 2839 1251 2876 aureas
1269 2821 1309 2876 sel

276 2895 289 2914 '
330 2893 495 2958 argenteas
512 2887 585 2956 poni
601 2894 680 2940 veto.
706 2905 854 2961 magnam
872 2890 951 2944 enim
969 2887 1047 2944 illae
1064 2888 1249 2954 impensam
1263 2910 1309 2964 pou

329 2953 466 3021 stuiant,
486 2961 533 3013 et,
551 2951 605 3007 ubi
623 2955 753 3020 vixeris,
772 2957 906 3014 auaritia
924 2965 982 3022 vaut
996 2959 1195 3012 necessitate
1212 2978 1308 3030 super-

322 3021 438 3076 stiram
456 3019 683 3086 conflabuntur.
703 3031 790 3078 tussim
808 3041 884 3092 opus
900 3023 941 3078 sit
958 3020 1195 3094 benefaciendo
1210 3027 1268 3082 tibi
1280 3027 1309 3080 in

331 3089 443 3141 animis
465 3095 589 3142 tuorum
611 3087 835 3156 pulcherrimas
844 3091 1008 3163 fabricare
1025 3093 1213 3164 imagines,
1241 3114 1309 3168 quas

329 3155 419 3212 nulla
438 3163 495 3211 aut
511 3153 668 3212 hominum
687 3166 744 3214 out
761 3169 931 3232 temporum
947 3158 1067 3234 injuria
1087 3173 1286 3236 corrumpat.

704 3245 710 3274 l

168 3295 310 3370 Praecipue
389 3289 498 3352 LXIII·
527 3299 589 3360 Sed
606 3321 701 3376 neque
724 3304 871 3377 templum
888 3307 1009 3360 exstrui
1025 3306 1087 3364 tibi
1105 3309 1200 3363 sine:
1228 3327 1306 3376 prae·

145 3366 307 3424 diviserunt·
328 3378 393 3428 stat
417 3371 450 3426 in
472 3388 520 3426 res
543 3373 732 3426 necessarias
757 3370 909 3445 ejusmodi
931 3381 1074 3439 sumptus
1098 3395 1303 3448 comparem.

328 3457 380 3496 ma
426 3457 461 3494 os
479 3439 559 3494 enim
577 3438 704 3494 diuiti-a
720 3443 855 3510 rectius,
881 3459 983 3512 pauca
1002 3441 1194 3516 erogando,
1222 3465 1304 3520 quom

329 3527 381 3563 mu
399 3515 431 3561 ta
450 3504 652 3578 adcipiendo,
675 3509 847 3589 paraveris.
892 3507 953 3564 Sed
969 3526 1067 3578 neque
1086 3507 1230 3568 diuitiae
1244 3513 1305 3586 gio-

329 3577 410 3630 riam
423 3573 610 3644 hominibus,
629 3593 701 3650 qum
718 3577 812 3630 immo
831 3577 926 3630 uirtus
944 3576 1112 3634 conciliat:
1158 3601 1224 3637 uae
1236 3581 1304 3636 mo!-

330 3648 377 3700 tos
395 3645 426 3698 in
465 3662 501 3697 ar
516 3643 587 3697 Diis
597 3640 769 3716 fastigium
787 3645 932 3717 reposuit.
954 3653 988 3700 at
1004 3641 1182 3719 suffragiis
1200 3659 1303 3706 morta·

241 3719 248 3728 '
328 3709 407 3767 liuns
457 3729 510 3765 eus
531 3729 618 3765 nemo
635 3708 745 3780 factus
766 3720 821 3766 est.
862 3712 965 3784 Igitur
982 3723 1064 3769 recte
1085 3723 1190 3789 atque
1208 3715 1305 3772 ordine

327 3779 495 3852 imperanti
518 3783 600 3833 totus
624 3777 705 3834 orbis
727 3797 815 3834 socer
831 3781 907 3846 erit,
934 3799 1037 3836 omnes
1055 3781 1154 3838 urbes
1174 3785 1305 3856 templo,

328 3863 431 3902 omnes
456 3845 593 3900 homines
618 3845 798 3902 simulacra.
833 3865 907 3902 nam
929 3849 1066 3920 ipsorum
1091 3851 1125 3905 in
1154 3853 1306 3908 mentibus

327 3933 396 3969 cum
414 3913 519 3986 gloria
537 3911 749 3970 collocaberis.
777 3933 863 3969 secus
887 3925 994 3971 autern
1017 3923 1144 3974 utentes
1168 3923 1305 3989 potentia

327 3999 381 4036 nec
399 3981 563 4035 honestant
580 3981 673 4043 tolia,
692 3981 766 4038 licet
783 3981 925 4038 omnibus
942 3985 975 4038 in
987 3983 1115 4058 populis
1129 3999 1302 4057 ponantur:

326 4045 495 4104 sedeorum
507 4056 624 4122 augent
635 4049 777 4118 crimina,
795 4049 877 4129 quod
892 4059 1050 4128 tamquam
1066 4059 1208 4128 tropaea
1224 4075 1302 4130 quse·

1207 4123 1277 4182 dan
