2610 4696
205 250 211 260 ’
316 298 379 368 400
402 283 1278 380 rnnrusneureunnnuronnnctecxxxtu.

94 516 115 579 „t
144 505 181 628 ΕΑ]
200 521 226 628 ἒ
243 497 420 575 poutiedit.
463 456 575 595 Quum¹
590 495 673 560 nihil
691 497 969 596 respontleretur,
988 449 1144 598 'coneelIa
1166 503 1204 568 ati
1223 503 1281 566 tett-

175 613 184 630 ·
228 575 496 647 ·t³··herandum
515 581 642 664 reliqua
659 593 752 663 parte
770 579 857 657 dtet,
880 582 1011 647 abduxit
1032 587 1155 670 copias.

65 753 68 758 ,
142 721 309 776 pmmm
376 693 523 753 XXXIII.
549 685 711 751 Postridie
730 708 844 752 rureue
863 688 984 763 adluit,
1015 706 1068 766 et,
1091 715 1183 778 quam
1200 695 1283 776 prori-

128 790 277 848 „atam
315 795 367 836 me
385 794 495 836 muros
511 769 681 845 oo'nliituta
696 768 828 845 catasta,
852 774 997 856 captiuos
1013 776 1048 834 in
1060 791 1284 860 conspectuop·

147 870 150 874 ’
341 857 509 918 idanorum
533 853 643 937 eoepit
662 851 826 920 venderet
857 867 911 927 et,
937 875 979 930 pe
1001 857 1197 954 sicquidem
1214 861 1286 922 notit

283 946 298 958 ⁹
314 880 558 1008 F'atarensibuu
574 949 704 998 ceteros
718 953 829 998 omnes
842 937 913 998 aine
928 939 1037 1019 pretio
1050 940 1183 1001 dimisit.
1211 943 1286 1002 Erant

265 1077 267 1082 ,
315 1020 350 1082 in
366 1041 405 1084 eo
420 1039 555 1083 numero
573 1019 714 1080 feminae
729 1019 883 1106 quaedpm
895 1021 1137 1100 Patarensiutn:
1161 1043 1237 1104 quae
1248 1023 1288 1082 uhi

314 1103 397 1166 viris
422 1115 518 1186 atque
543 1101 738 1184 propinquis
766 1101 835 1162 suit
857 1099 1022 1163 lenitatem
1045 1118 1142 1188 atquc
1164 1103 1287 1164 modera-

314 1185 437 1248 tionem
458 1187 552 1256 Bruti
574 1181 751 1266 diligenter
772 1198 1012 1266 exposuerunt,
1038 1203 1079 1247 eo
1101 1203 1153 1248 reo
1175 1185 1288 1246 adducta

316 1265 378 1342 eli,
402 1281 454 1340 ut,
477 1269 534 1351 qui
551 1263 649 1327 motio
667 1279 810 1326 extrema
826 1265 1022 1340 maluerant,
1053 1265 1217 1350 aperirent
1233 1287 1287 1348 por·

316 1363 383 1424 tas,
409 1370 510 1434 seque
533 1361 565 1412 et
583 1369 640 1410 sua
658 1347 765 1410 omnia
783 1347 817 1408 in
835 1346 933 1410 fidem
950 1345 1204 1436 potestatemque
1218 1347 1288 1410 Bruti

317 1432 559 1496 contraderent.
643 1483 647 1490 ,
875 1448 882 1460 ·

143 1545 305 1603 Bruo‘tm'·
377 1539 526 1604 XXXIV.
556 1537 666 1623 Atque
683 1537 741 1600 ille
757 1537 897 1602 neminie
916 1553 970 1602 aut
986 1561 1022 1604 au
1047 1535 1182 1624 plinium
1196 1535 1292 1599 autin·

126 1635 174 1702 ψ
188 1629 213 1672 ⁸⁸
228 1618 304 1688 tusti-
317 1640 389 1704 gam
406 1621 510 1704 jutttt:
531 1619 617 1694 med,
640 1619 789 1701 recepta,
813 1624 941 1706 quaein
957 1562 1091 1707 publico
1106 1635 1191 1692 erat,
1234 1639 1293 1680 ecu-

125 1703 180 1746 m·
315 1703 388 1779 nia,
417 1703 559 1766 edietum
578 1703 686 1766 simile
702 1703 848 1768 catttano
865 1705 1056 1789 proposuit,
1079 1704 1121 1766 de
1137 1644 1295 1766 conlima-

316 1784 359 1846 tio
376 1809 394 1848 a
411 1781 548 1869 priuatii
567 1805 646 1848 auro
666 1801 879 1870 argentoque.
921 1789 1021 1848 Forte
1041 1786 1187 1870 quidam,
1209 1805 1294 1846 aser·

313 1887 357 1930 vo
382 1867 532 1952 proditus
557 1889 669 1930 aurum
694 1867 868 1943 ebditiille,
899 1869 939 1930 ad
961 1872 1096 1932 Brutum
1124 1866 1295 1928 ducebatur.

195 2020 198 2025 ,
314 1951 416 2024 Eutn,
447 1963 482 2012 ut
501 1951 667 2034 eriperet,
699 1965 802 2014 mater
829 1971 901 2014 cunt
929 1953 1070 2014 clamore
1099 1949 1297 2034 sequebatur,

314 2036 451 2115 t'uloceutt'
469 2039 606 2114 negotium
624 2032 764 2107 exbiberi,
781 2032 813 2116 se
830 2036 952 2096 crimt'uis
971 2037 1029 2108 ejus
1047 2031 1196 2118 tuompffi.
1227 2035 1289 2092 'I'u=

196 2188 201 2197 Ι
315 2133 496 2176 conversus
511 2113 549 2176 ad
563 2135 631 2176 eam
646 2137 779 2187 servus,
804 2129 993 2200 quamquam
1009 2117 1227 2197 interrogatus
1244 2131 1297 2174 noa

316 2199 411 2270 ellet,
434 2217 614 2278 coarguere
631 2197 835 2260 mendacium
851 2197 978 2281 coepit,
1002 2211 1035 2260 et
1051 2219 1162 2260 aurum
1177 2197 1286 2256 adoni

225 2292 242 2316 ¹¹
284 2342 290 2348 ,
315 2299 359 2340 no
386 2279 523 2342 celatum
550 2279 756 2342 edseverare.
808 2280 898 2342 Haec
921 2280 977 2341 ubi
998 2280 1184 2342 renunciate
1205 2283 1298 2340 Bruto

317 2359 410 2434 aurit,
440 2360 568 2442 juvenis
588 2363 762 2445 patientia,
791 2375 956 2425 matronae
975 2365 1096 2448 platate
1113 2361 1282 2448 collaudem

317 2441 408 2504 abire
429 2463 600 2504 cumauro
621 2465 680 2506 auo
701 2445 899 2519 incolumes,
927 2465 1055 2508 eertum
1074 2444 1253 2527 improbum
1270 2463 1300 2502 1.

257 2555 261 2562 =
317 2543 448 2588 crucem
465 2525 538 2586 tolli
555 2525 651 2605 juliit.

132 2629 304 2720 larutusqm·
378 2633 511 2706 XXXV.
535 2635 629 2700 Inter,
642 2632 722 2696 haee
739 2629 849 2694 millue
870 2653 940 2696 eum
960 2644 1051 2718 parte
1071 2632 1175 2696 clall'ts
1190 2634 1299 2714 centu„

40 2751 43 2756 ·
129 2725 186 2790 Μ
197 2707 303 2790 ‘tlmm
316 2717 368 2780 lua
382 2713 541 2776 Andriace
551 2707 576 2788 ,'
588 2713 674 2798 quod
691 2715 806 2794 navale
814 2716 1009 2796 Myrentium
1024 2711 1078 2789 alt,
1101 2729 1205 2799 rupta,
1228 2736 1247 2797 q

128 2788 239 2850 'mim'
316 2813 449 2886 portum⁴
471 2797 657 2868 claudebat,
681 2811 812 2872 catena,
836 2797 941 2880 oepit,
964 2797 1162 2894 Ilerenaium
1182 2809 1289 2879 praeto

318 2891 356 2944 're
378 2879 473 2942 simul
492 2877 710 2962 deprehenso.
760 2881 803 2941 Et
823 2878 907 2941 hunc
929 2879 1046 2940 dimitti
1065 2881 1186 2940 Brutus
1205 2877 1285 2958 julI'tt

319 2981 426 3048 eoque
441 2975 535 3044 paeto
549 2964 637 3041 Myra
656 2982 786 3046 quoque
809 2963 935 3044 recepit
955 2963 989 3022 in
1008 2957 1223 3021 deditionem:
1250 2982 1270 3018 u

320 3043 472 3113 similiter
499 3056 609 3104 exacta
634 3044 794 3127 pecunie,
832 3043 989 3105 Lentulus
1016 3042 1055 3103 ad
1080 3039 1273 3125 imperatore

319 3125 429 3188 rediit.
472 3125 514 3206 At
530 3125 602 3196 ilict
625 3139 758 3208 recepta
776 3125 862 3187 omni
877 3127 988 3206 Lycia,
1013 3125 1236 3208 communique
1247 3125 1293 3202 Ly

320 3210 444 3270 ciorum
466 3226 532 3268 non
552 3207 690 3290 amplius
708 3225 835 3270 centum
856 3201 1087 3308 quinquaginta
1105 3207 1230 3266 talentis
1248 3205 1259 3263 i

294 3289 458 3374 ,perutis,
488 3289 614 3350 olaffem
637 3309 751 3350 eorum
769 3287 873 3372 Abydi
900 3288 1087 3371 praestolari
1113 3288 1214 3368 jullit,

321 3385 354 3432 et
373 3372 445 3455 ipae
463 3368 629 3453 pedestres
648 3373 759 3454 copiae
779 3383 849 3432 erat
866 3369 1080 3433 adducturus.
1102 3383 1137 3431 ut
1156 3369 1231 3430 inde
1247 3371 1271 3430 S

320 3451 399 3515 stum
422 3454 667 3522 transmitteret.
710 3453 806 3514 Prius
827 3466 932 3514 tamen
952 3450 1098 3515 dellectit
1119 3451 1152 3512 in
1171 3453 1290 3513 Ioniam

320 3533 454 3596 instituti
478 3535 528 3596 sui
549 3547 662 3606 tenax,
695 3549 728 3597 et
749 3534 871 3630 ubique
892 3531 1027 3614 justitiae
1047 3549 1144 3630 atque
1162 3535 1275 3594 moder

320 3615 421 3678 tionis
439 3615 540 3681 edent
554 3615 719 3712 praeclare
735 3617 921 3712 specimina.
948 3617 1012 3678 Sed
1030 3615 1112 3678 nilul
1129 3615 1191 3678 suit
1207 3615 1299 3676 homi

319 3698 416 3760 nibus
429 3699 590 3782 supplicio
599 3696 762 3762 Theodoti
775 3699 915 3781 gratius,
937 3720 1050 3784 quem,
1068 3713 1205 3782 propter
1214 3700 1297 3758 Pom

317 3780 427 3864 pejum
442 3781 619 3864 Magnum,
632 3779 695 3842 hoo
713 3792 862 3852 auctore,
886 3781 1113 3850 interfectum,
1135 3780 1299 3842 communi

195 3883 202 3890 ”
268 3895 283 3947 p
319 3875 371 3926 ter
390 3883 502 3926 omnes
524 3877 615 3926 erant
632 3863 756 3954 perusi.
787 3863 883 3926 Hunc
900 3863 1019 3948 igitur,
1043 3863 1118 3926 dum
1134 3861 1299 3960 eeteripu

1175 3965 1265 4006 ntun-

355 4135 395 4190 ο.
420 4135 578 4190 .xxx1n.
604 4136 673 4192 nto.
699 4137 776 4194 utut
820 4135 894 4208 rap.
913 4092 1044 4192 uxxtv.
1071 4131 1203 4208 tppta...
1233 4129 1299 4200 cap

322 4193 399 4262 tlxtt
428 4239 437 4262 .
454 4203 524 4265 nto.
541 4205 671 4282 Appium.
688 4201 764 4267 utut.
782 4205 912 4280 Appiam.
931 4206 1010 4264 utut.
1028 4205 1134 4280 Pomp.
1147 4205 1286 4263 etBtuto.
