2688 4698
193 205 278 332 eie
355 233 1112 332 .u.nrv11a1ero.a1auur1

196 474 246 550 ad
265 471 519 546 defendendae
540 470 663 546 acciae
686 469 798 544 urbae
819 497 913 570 quae
933 475 1140 574 Pompeius
1155 470 1207 537 ³¹)
1228 497 1287 571 cp·

195 614 398 700 pugnaret,
425 597 634 698 quibusque
653 597 775 699 iprum
792 622 925 696 agmen
945 599 1106 702 Pompei
1134 623 1182 672 ex
1204 597 1292 670 inei·

197 721 269 797 diis
294 720 570 819 adgrederetur.

273 847 416 924 Eodem
432 862 599 948 tempore
613 866 651 922 et
664 849 711 924 ed
723 850 1026 942 Herennuleium,
1046 851 1111 950 qui
1124 849 1294 924 iniedern

196 971 294 1048 lacia
313 989 412 1062 arat,
448 969 591 1046 litterae
610 976 730 1066 misit,
768 995 806 1050 et
819 975 867 1042 ³³)
891 975 930 1050 in
957 977 1113 1052 alteram
1141 975 1293 1076 pruvin-

197 1099 295 1176 ciem
311 1097 360 1165 34)
382 1083 431 1174 ad
452 1103 500 1172 11.¹
516 1099 759 1190 Hirtuleium,
786 1102 1025 1204 praecipient
1052 1101 1286 1201 quemaduo·

187 1225 292 1300 duur
309 1223 446 1300 bellum
468 1223 720 1326 adminietrari
737 1225 786 1293 ³⁵)
809 1227 918 1304 vellet
951 1225 1002 1298 ὓς
1038 1243 1128 1298 ante
1150 1225 1289 1316 omnia,
1326 1221 1328 1276 '³

198 1367 241 1424 nt
263 1349 315 1424 ite
334 1349 456 1426 reciae
478 1347 646 1424 civitatee
669 1369 835 1426 tueretur
852 1378 913 1435 ,ne
931 1349 1018 1426 acie
1037 1375 1124 1424 cam
1141 1350 1287 1424 Metelle
1328 1328 1329 1344 ¹

200 1473 417 1566 dimicaret,
456 1475 517 1548 cui
546 1499 617 1548 uec
643 1477 866 1552 auctoritate
894 1501 966 1550 nec
987 1474 1036 1554 ³7)
1061 1475 1199 1550 viribus
1231 1497 1293 1574 par

199 1617 317 1674 eeeetr
353 1607 401 1676 ne
419 1599 488 1704 ipei
510 1601 660 1699 quidem
680 1603 882 1676 consilium
902 1628 985 1676 eeee
1005 1599 1146 1676 ducere
1166 1603 1296 1672 adver·

198 1749 263 1798 ene
289 1727 508 1826 Pompeium
529 1724 590 1803 88).
652 1729 786 1828 Neque
814 1727 853 1802 in
883 1727 999 1804 aciem
1028 1727 1294 1800 deecenaurmn

200 1871 285 1938 eum
304 1847 481 1926 credebat
500 1841 537 1926 ei
549 1852 759 1928 traheretur
777 1851 927 1930 bellum.
962 1849 1089 1941 Heati,
1118 1875 1201 1924 curu
1220 1824 1289 1920 rna·

233 2065 281 2136 ea)
300 2063 487 2144 Pompeius]
515 2061 622 2128 Ultima
645 2040 785 2128 ιιοιιιὶηἰιι
801 2065 889 2125 litare
918 2067 1081 2198 Kere'pieue
1104 2061 1227 2138 scripta
1250 2061 1295 2126 el,

269 2156 359 2210 quarn
378 2143 484 2196 ambae
503 2141 647 2198 editiones
666 2142 818 2196 emittunt.
853 2142 915 2198 Nic
938 2175 948 2196 .

234 2230 283 2300 dd>
301 2237 391 2292 mitit
407 2241 451 2298 et]
468 2233 646 2290 Particulam
667 2237 696 2290 iu
713 2235 774 2290 due
790 2253 821 2290 v.
834 2237 861 2304 4.
883 2234 1062 2290 collocatam
1080 2225 1185 2286 omitit
1197 2221 1301 2282 ll.·erd

273 2321 434 2376 operarum
453 2305 538 2359 uitio.
577 2305 669 2362 Nieb.
1157 2337 1159 2342 ,

236 2398 283 2468 dl)
304 2399 447 2456 Alterum
463 2397 673 2470 provinciam]
694 2394 875 2452 Ulteriorem
893 2395 1024 2468 recipio,
1042 2382 1113 2450 ‘eum
1133 2395 1199 2467 ipse
1215 2409 1248 2446 ex
1264 2391 1300 2444 ci·

222 2477 227 2490 '
272 2468 387 2522 teriora
405 2467 521 2520 litterae
541 2465 673 2517 mitteret
681 2483 690 2531 ;
718 2475 784 2519 erat
807 2467 885 2520 euim
909 2465 1002 2520 etiam
1026 2473 1088 2519 lum
1115 2466 1148 2519 in
1173 2461 1302 2518 hibernie

230 2587 234 2592 .
276 2535 315 2592 ed
327 2538 432 2592 Caetra
445 2533 541 2590 delia.
578 2535 685 2590 lucrm

166 2645 170 2652 ·
237 2633 288 2696 85)
307 2629 506 2690 Hirtuleium
522 2659 555 2672 -
575 2623 808 2690 celerinistrnri]
827 2629 872 2684 lte
889 2631 947 2696 iam
964 2629 1145 2688 Jurenetius
1161 2627 1298 2682 membre·

272 2713 379 2756 nerum
396 2697 502 2752 menda
523 2698 677 2759 correxit,
702 2699 785 2764 cujue
803 2699 914 2766 eculin,
967 2719 1033 2754 uum
1052 2701 1178 2752 litteras
1194 2699 1216 2750 Ε
1234 2695 1298 2750 etV

274 2771 448 2838 conjunctae
472 2784 535 2821 esee
558 2764 713 2832 crederet,
742 2765 833 2841 idque
849 2769 940 2823 etiem
960 2787 988 2824 m
1004 2767 1142 2824 editione
1166 2764 1303 2836 exprime·

194 2852 199 2869 ‘
274 2849 340 2907 ret,
361 2835 524 2892 ludibrium
540 2835 690 2904 objectum
708 2834 776 2891 fuit.
813 2837 907 2895 Nieb.

238 2934 287 3001 36)
306 2931 536 2989 administrare
551 2929 658 2991 uellet]
677 2929 825 2985 Postrema
847 2933 933 3002 bujue
954 2929 1043 2986 verbi
1064 2929 1169 2982 littera
1184 2919 1226 2979 ita
1241 2939 1312 3005 eum

271 3002 372 3076 prima
389 3000 541 3073 sequeutia
559 3013 694 3052 connexe
711 3013 745 3053 ec
758 2999 901 3075 colligata
918 3011 976 3067 eet,
1004 3009 1041 3053 ut
1057 3009 1157 3053 tamen
1178 3009 1316 3074 nemaei,

190 3123 193 3132 ,
274 3085 328 3145 qut
344 3079 482 3124 accurate
499 3069 598 3122 locum
613 3067 797 3138 inspexerit,
838 3082 907 3124 uota
923 3068 1037 3124 vecelia
1050 3069 1107 3135 ait,
1125 3063 1253 3143 dubium
1269 3079 1316 3114 ae·

276 3156 308 3194 ae
325 3137 431 3213 poerit.
465 3131 569 3210 l'teque
586 3136 634 3192 vel
651 3147 720 3207 poet
738 3135 966 3199 administrare
981 3135 1111 3203 excidit,
1135 3143 1170 3188 ut
1185 3151 1203 3186 c
1229 3145 1317 3210 inor,

273 3225 446 3282 pronomen
465 3207 587 3282 ipsum,
608 3214 659 3259 eut
676 3203 748 3277 quid
765 3208 840 3275 tale,
860 3203 941 3282 quod
960 3207 997 3260 ab
1017 3201 1165 3260 oscitante
1180 3149 1317 3255 librario

275 3277 475 3350 praeteritum
491 3275 543 3345 ait3
563 3275 611 3330 vel
625 3273 836 3346 reponendum
854 3287 898 3331 est
914 3273 1147 3332 administrari.
1184 3270 1299 3326 Juven-

238 3371 287 3442 ³7)
305 3391 362 3429 nee
385 3370 580 3428 auctoritate
604 3376 672 3432 nec]
695 3371 745 3426 Sic
767 3374 929 3446 perspicue
952 3369 1159 3424 membranae.
1195 3364 1311 3419 Ambae

279 3439 643 3512 editionaeneq-neq.
679 3441 771 3498 Nieb.
813 3447 820 3460 '

240 3531 288 3604 ὅθ)
307 3528 739 3656 Ἦνίδῗέῑξοέιρέὶλιὲιὲ
748 3537 837 3658 glum
855 3537 953 3592 locum
974 3531 1026 3609 qui
1044 3531 1134 3606 plene
1153 3529 1247 3586 exstet

314 3670 465 3728 SETNE
484 3669 578 3724 ll’Sl
597 3669 779 3758 Quinem

316 3737 578 3796 CONSlLlUM
597 3735 711 3792 ESSE
729 3741 912 3797 DUCERE

198 3857 201 3864 .
322 3799 835 3864 ..VERSUSPONPEIUM
1293 3829 1300 3840 ·

282 3876 451 3934 mutilatum
470 3875 590 3930 exbibet
610 3875 735 3934 ttemlm
762 3897 823 3953 par
840 3885 925 3940 eetel
942 3899 982 3938 ne
1008 3881 1076 3950 tuae
1100 3869 1173 3944 (eie)
1194 3867 1326 3952 quidem

279 3947 454 4004 eonsilium
464 3979 552 4001 .....
568 3960 674 4000 aereus
685 3983 693 4000 .
704 3980 732 4001 ..
748 3965 845 4022 neque
857 3960 915 4008 ete.
931 3949 1019 4004 Rern.
1032 3948 1132 4003 adbuc
1142 3949 1226 4021 pejus
1238 3965 1247 3998 ·.
1269 3961 1329 4016 pur

282 4024 366 4072 esset
376 4051 464 4070 .....
483 4013 697 4072 mconsilinm
709 4053 716 4069 .
730 4053 739 4071 .
752 4053 779 4070 .·
797 4035 903 4075 cereus
914 4055 921 4070 .
933 4055 943 4072 .
955 4056 982 4072 ..
1001 4036 1105 4090 neque
1122 4028 1180 4070 etc.
1201 4017 1277 4069 Mor
1292 4013 1328 4092 ll:

280 4081 394 4138 emittit
415 4083 516 4138 eciem
538 4084 651 4140 descen
670 4115 706 4130 -
752 4103 807 4140 uae
829 4097 928 4143 tamen
949 4085 982 4141 in
1003 4086 1185 4164 apographo
1203 4085 1328 4140 Brutum

270 4148 340 4228 'legi
359 4151 476 4208 uetavit
492 4151 690 4228 lireyeaigiue.
758 4153 820 4213 ird·
