2658 4686
280 325 343 432 ιιι
405 316 1048 414 auctusnsurrnununroncn
1071 349 1195 413 nac.

118 561 151 617 U·
169 579 196 617 θ·
211 561 272 629 7²⁰·
288 567 364 630 tivis
384 561 502 648 pretii,
533 557 587 641 qui
605 559 698 620 Gallo
722 559 841 619 amicus
857 557 1048 640 sodalisque
1063 555 1147 626 luit,
1182 575 1276 615 exse·

117 633 256 700 ΜΝ·
288 669 435 732 quemue.
484 643 618 703 Miserat
634 639 719 700 hunc
740 643 878 710 Caesar,
910 653 944 699 ut
965 661 1019 700 eas
1039 655 1151 722 gentes
1177 637 1278 698 finiti-

288 749 420 812 masque
443 735 596 792 tentaret,
621 721 715 781 simul
736 721 879 782 lucorum
904 723 1022 790 situm,
1049 720 1280 802 aetlriopicos-

288 833 352 896 que
376 809 466 880 lines,
489 819 520 867 et
535 801 749 885 Troglodytas
768 804 913 886 Aegypto
934 802 1062 862 vicinos
1081 801 1282 883 exploraret,

289 893 345 976 qui
371 893 442 953 sinu
466 885 606 948 Arabico
631 885 762 944 minime
790 885 852 946 lato
877 884 917 944 ab
937 883 1101 946 Arabibus
1129 903 1282 966 separan-

288 989 352 1036 tur.
397 971 465 1031 Hos
489 965 563 1051 quia
584 963 756 1026 ditillimos
781 965 843 1028 elle
860 957 1010 1038 sclebat‚'
1027 985 1109 1026 auro
1131 977 1285 1046 argento-

291 1076 354 1138 que
370 1063 508 1114 aromata
528 1061 559 1108 et
576 1047 703 1128 lapillos
720 1061 963 1140 permutantes,
995 1065 1055 1108 nce
1079 1061 1230 1107 ementes
1248 1045 1286 1106 ab

291 1137 362 1199 aliis
403 1131 575 1220 alequamp
599 1141 651 1187 aut
671 1149 790 1188 anticos
812 1129 979 1190 habiturus
1000 1130 1199 1210 opulentos.
1224 1141 1286 1198 aut,

292 1219 320 1280 si
344 1155 449 1278 helles
469 1211 533 1276 elle
555 1209 752 1282 tnaluill'ent‚
776 1210 918 1292 ingentia
951 1209 1026 1270 inde
1043 1211 1152 1291 spolia
1171 1228 1287 1290 repor-

290 1312 413 1363 taturus
428 1293 611 1358 videbatur.
656 1291 751 1373 Spem
769 1293 864 1354 dabat
877 1305 910 1353 et
923 1292 1162 1354 Nabataeorum
1183 1292 1288 1350 socie-

290 1396 358 1453 tas,
391 1396 528 1463 quorum
552 1373 717 1454 Syllaeus.
746 1373 977 1444 fraudulento,
1008 1387 1041 1433 ut
1070 1394 1126 1434 res
1156 1371 1287 1440 docuit,

290 1461 440 1533 consilio,
467 1477 502 1520 se
519 1456 634 1517 ducem
651 1455 791 1528 itineris,
818 1457 940 1518 socium
959 1454 1185 1538 periculorum
1209 1453 1289 1513 olle-

289 1543 393 1608 rebat.
438 1538 623 1602 adalhun
647 1557 782 1618 pagum,
813 1539 847 1600 id
862 1537 1030 1598 maximum
1051 1535 1288 1597 Nabataeorum

174 1615 178 1625 ¹
290 1647 340 1688 em
368 1623 473 1686 orium
495 1634 584 1689 erat,
609 1617 814 1701 dirigendum
833 1621 897 1682 iter
916 1638 1013 1701 quum
1034 1617 1138 1688 cllet,
1160 1618 1289 1698 negarit

289 1648 429 1793 patlibus
455 1715 628 1787 penetrare
650 1719 690 1760 co
708 1702 886 1764 exereitum
912 1699 1023 1784 polle3
1058 1719 1163 1780 quum
1188 1715 1289 1758 tamen

291 1800 492 1850 mercatores
528 1795 617 1842 tanto
657 1783 852 1844 camelorum
883 1795 915 1843 et
950 1781 1120 1842 hominum
1155 1801 1288 1842 numero

292 1887 473 1934 commeare
494 1866 582 1926 inter
598 1865 727 1924 Petram
746 1881 778 1926 ct
796 1865 912 1926 Album
931 1864 1036 1924 vicunt
1058 1863 1209 1930 soleant,
1241 1877 1288 1929 ut,

294 1952 323 2016 si
342 1947 579 2014 multitudinem
598 1959 738 2028 spectes,
760 1943 895 2007 dill'erre
911 1943 992 2004 nihil
1013 1945 1053 2006 ab
1074 1947 1228 2006 exercitu
1248 1946 1288 2004 ri·

293 2035 442 2096 deantura
483 2027 628 2090 Primum
648 2027 681 2086 iu
703 2048 743 2088 co
764 2035 931 2112 peceatum
948 2027 1027 2098 fuit,
1064 2027 1155 2110 quod
1179 2026 1287 2087 adrer-

294 2137 349 2180 sus
366 2111 514 2176 homines
534 2109 668 2170 minime
684 2109 872 2182 bellicosos,
897 2107 977 2168 mari
995 2109 1216 2191 praesertim,
1238 2130 1286 2167 na-

293 2203 352 2259 ves
371 2192 483 2278 longas
504 2189 588 2276 apud
607 2191 866 2274 Cleopatridem,
901 2211 962 2274 qua
984 2192 1090 2250 reteri
1113 2191 1215 2252 follae
1227 2191 1286 2252 Nili

293 2276 442 2361 proxima
461 2271 523 2346 est,
560 2271 703 2334 biremes
726 2275 942 2356 triremesque
964 2291 1000 2334 ae
1017 2271 1175 2354 phaselos
1200 2273 1287 2332 circi-

238 2365 242 2376 “
293 2375 345 2422 ter
368 2357 534 2440 octoginta
558 2351 743 2418 construxit.
789 2355 914 2416 Errore
942 2353 1018 2416 dein
1043 2354 1289 2430 animadverso,

295 2454 423 2502 centum
456 2435 588 2520 triginta
622 2439 788 2498 onerarias
820 2433 1020 2498 aedificarit:
1072 2437 1290 2520 imposuitque

293 2522 432 2582 utilitum
447 2523 667 2581 Romanorum
681 2538 717 2580 ac
735 2521 897 2581 sociorum
920 2517 1019 2578 millia
1043 2517 1152 2580 lernae
1169 2518 1288 2588 decem,

294 2602 469 2686 inquibus
495 2611 588 2662 erant
616 2617 689 2658 cum
712 2601 839 2684 syllaeo
861 2599 949 2660 mille
972 2597 1142 2661 Nabataei.
1187 2603 1291 2659 Hero·

239 2706 243 2720 r
296 2685 355 2746 des
379 2683 494 2754 etiam,
524 2681 558 2741 in
585 2700 698 2762 magna
731 2683 816 2745 lame
844 2681 1008 2743 frumento
1036 2703 1146 2762 nuper
1170 2681 1291 2760 adjutus

296 2764 510 2835 metronia,
550 2761 746 2846 quingentos
777 2785 816 2827 cx
844 2763 1009 2850 praetoria
1036 2763 1178 2827 cohorte
1207 2763 1291 2824 dele·

209 2877 212 2886 ¹
296 2844 662 2912 ctosauxiliomiserat.

128 2985 280 3074 rnt'nm.
359 2982 475 3056 xxul.
498 2989 555 3062 Hi,
578 2979 793 3054 circumducti
806 3013 867 3076 per
885 2991 1059 3055 amfractus
1075 3006 1109 3054 et
1129 2986 1290 3060 aestuaria,

113 3097 280 3161 remergu-
299 3076 521 3158 brevibusque
539 3086 592 3140 aut
607 3075 745 3136 occultis
767 3077 852 3136 saxis
867 3075 1047 3137 insidiosos
1069 3075 1173 3145 sinus,
1199 3075 1291 3156 (pro-

111 3153 244 3212 wml‘fl·
299 3173 374 3244 pter
392 3176 475 3240 quae
496 3155 619 3238 magnis
642 3156 778 3218 navibus
796 3157 829 3218 ln
848 3177 888 3220 eo
911 3157 990 3218 mari
1011 3177 1107 3217 nemo
1124 3155 1291 3231 utebatur)

299 3237 542 3326 quintodecimo
564 3235 618 3298 die
635 3238 741 3299 vicum
759 3239 875 3300 Album
898 3237 1104 3321 adtigeram.
1133 3238 1244 3298 multis
1262 3257 1293 3294 a·

298 3321 399 3384 millia
416 3317 571 3402 navigiis,
602 3339 791 3402 quamquam
807 3339 902 3382 nemo
925 3319 1000 3381 dum
1019 3317 1158 3381 hostium
1181 3336 1294 3380 occur·

301 3404 400 3467 tillet.
423 3401 460 3464 ld
479 3399 629 3462 socordia
651 3400 748 3463 fiebat
765 3401 998 3464 Nabataeorum
1016 3419 1142 3483 regum,
1165 3398 1294 3484 praele-

303 3485 365 3548 ctis
385 3483 475 3554 auis,
499 3501 582 3565 quos
601 3481 719 3548 fratres
739 3481 902 3566 adpellare
918 3497 1126 3553 consuerant,
1150 3481 1296 3543 commit-

304 3567 439 3630 tentium
469 3563 592 3632 omnia,
623 3565 815 3646 praesertim
845 3587 927 3648 quae
963 3565 1002 3626 ad
1026 3585 1094 3626 rem
1123 3563 1293 3625 militarem

235 3653 238 3662 '
329 3647 520 3711 ertinerent.
563 3645 636 3706 Hoc
659 3643 802 3708 instituto
827 3659 892 3708 tum
922 3667 982 3708 rex
1004 3647 1138 3710 Obodas
1170 3665 1296 3706 omnem

304 3673 417 3793 barum
436 3746 546 3788 rerum
572 3743 680 3786 curam
697 3727 729 3786 in
750 3727 909 3808 Syllaeum
933 3729 1159 3790 inclinaverat.
1203 3730 1295 3787 Hunc

306 3827 411 3874 autem
432 3809 464 3870 id
483 3827 580 3890 agere
600 3810 743 3892 suspicio
767 3815 852 3882 erat,
874 3823 929 3890 ut,
959 3811 1123 3890 explorata
1139 3810 1294 3890 regione.

306 3897 469 3956 Romanos
497 3892 531 3951 iu
559 3889 735 3973 subigenda
757 3905 848 3974 parte
864 3890 933 3971 ejus
953 3889 1137 3970 adjuraret:
1158 3889 1294 3950 deinde.

308 3975 377 4038 illis
396 3972 527 4046 morbo.
560 3972 664 4047 lame,
697 3987 730 4036 et
748 3973 893 4047 ceteris,
923 3995 1004 4057 quae
1025 3971 1202 4034 structurus
1226 3973 1294 4056 ipse
1322 4005 1323 4042 3

315 4099 650 4117 ffl

346 4155 517 4230 Gapxxll.
535 4161 608 4215 Ptin.
628 4161 727 4216 Strab.
745 4161 974 4233 totaphanttq.
988 4163 1079 4228 ι5,ιι.
1109 4155 1292 4234 Βερ.ΧΧΠΙι

313 4227 434 4286 Strabo.
460 4230 579 4298 Strabo,
596 4229 617 4284 l.
631 4233 671 4286 ab.
687 4250 717 4304 p.
727 4249 790 4302 779.
816 4230 936 4300 Strabo,
948 4233 971 4287 l.
987 4233 1028 4286 ab.
1042 4230 1148 4302 Μθι.
1322 4217 1323 4256 t

351 4329 354 4338 ι
