2654 4682
332 287 375 354 oo
414 285 618 356 annuae.
636 273 1322 354 surrtrnsnroamnsnxxvs

165 497 197 555 ⁰·
212 516 237 556 ⁰·
251 499 315 568 7⁰4·
334 498 410 574 lem,
433 498 491 584 qui
505 497 677 584 aliquando
694 495 806 583 llagria
823 499 936 562 caesus
955 497 994 560 ab
1008 493 1150 559 Isatirieo
1167 503 1263 576 patre
1285 490 1322 552 d}

162 571 200 626 Ᾰ·
217 570 251 624 ⁰·
269 571 315 638 4⁸·
335 581 480 645 celetur.
510 581 564 644 Ad
580 597 759 654 extremum
777 594 881 642 tamen
904 580 1055 677 superior
1076 593 1109 640 et
1126 577 1197 658 jure
1218 591 1250 636 et
1273 593 1322 656 p<

143 665 146 672 ’
333 663 435 728 tentia
452 664 567 725 consul
579 664 684 726 Coalii
699 677 808 748 partes
824 661 879 724 alii
894 662 1021 724 outdam
1037 658 1183 744 praetori
1196 657 1322 720 demas

334 744 457 828 devita·
474 745 580 828 ipsum
605 760 637 808 et
655 746 731 808 foro
752 759 785 807 et
803 744 892 806 curia
910 743 1067 816 exclusit,
1099 741 1322 820 volentemqu

334 817 523 890 concionari
542 827 583 888 de
599 826 711 890 rostris
728 827 877 889 detraxit.
902 827 1064 898 Coelius,
1086 822 1269 920 ignominia
1298 842 1318 878 s

328 911 400 970 mul
417 908 532 992 iraque
572 923 734 983 amiotus,
756 907 797 970 ad
814 908 1031 993 Pompeianos
1050 903 1203 988 sumpsit,
1228 905 1260 964 in
1285 923 1322 960 uss

332 990 415 1052 bem·
434 1011 493 1052 eos
515 1011 533 1050 a
559 1009 696 1065 rorans,
728 979 877 1052 nudatam
902 989 1078 1074 praesidiis
1101 987 1263 1056 suturam,
1316 1009 1322 1040 ι

224 1114 229 1125 ,
333 1069 438 1134 studio
464 1092 506 1155 po
531 1073 578 1134 uli
604 1075 792 1158 proniorem
817 1073 851 1134 in
873 1074 946 1134 illas
995 1085 1100 1142 artes,
1133 1087 1322 1152 vacuamqu

335 1154 495 1216 Italiamo
522 1168 653 1217 entans:
683 1154 886 1240 quodetiam
905 1095 1154 1216 salulerrimum
1173 1149 1240 1212 illis
1253 1169 1322 1290 pat

114 1236 118 1244 ‘
180 1239 307 1324 Milouem
335 1236 423 1297 tibus
441 1236 557 1300 luerat.
600 1237 691 1300 Misit
706 1239 802 1299 etiam
815 1235 857 1298 ad
867 1239 907 1298 Τ.
918 1236 1060 1297 Annium
1071 1231 1259 1294 Milouemr
1281 1251 1322 1290 ar

14 1317 16 1325 ’
146 1319 275 1368 mmm·
337 1315 477 1382 dellinos
500 1317 657 1392 nuncios,
688 1340 784 1404 quem
805 1318 1056 1380 inimicillituum
1076 1313 1209 1377 Caesari
1231 1331 1322 1372 novt

335 1411 405 1472 rat,
436 1414 612 1482 propterea
635 1401 739 1484 quod,
769 1397 924 1464 restitutis
949 1396 1136 1471 exaulsssus,
1165 1395 1258 1458 solus
1280 1393 1322 1454 ill

336 1477 478 1546 reditum
498 1501 564 1558 non
584 1483 825 1566 impetraverat.

396 1605 483 1665 XIII.
506 1607 698 1688 Magnorum
714 1603 795 1670 haec
815 1606 879 1669 olle
897 1617 1042 1668 motuum
1058 1600 1153 1664 initia
1170 1611 1320 1684 poteram

335 1684 418 1748 viria
444 1687 543 1748 claris
570 1701 603 1750 et
626 1687 799 1749 audaeibus
826 1689 900 1750 talia
924 1684 1152 1754 molientibus,
1177 1691 1322 1762 occupat

336 1766 415 1830 alibi
434 1769 594 1842 Caesare,
617 1781 650 1830 et
668 1769 885 1836 inoertiIlimis
905 1771 1000 1852 plane
1020 1763 1240 1850 temporibus.
1275 1763 1322 1822 Ca

335 1861 443 1910 terum
464 1870 504 1912 ex
521 1863 611 1912 tanto
630 1864 717 1911 metu
734 1851 888 1912 celeriter
907 1866 940 1914 et
955 1850 1036 1912 oitra
1051 1847 1289 1910 detrimentum
1311 1841 1322 1900 l

336 1947 470 1994 conatus
488 1933 523 1992 in
541 1931 678 1994 nihilum
697 1947 881 1995 evaserunt
923 1921 1240 2030 Quippe‘Milonem,
1261 1943 1322 1988 oot

335 2023 440 2076 tracto
458 2013 670 2094 lugitivorum
690 2015 846 2088 exercitu,
869 2016 1054 2097 prolectnrir
1071 2012 1106 2072 in
1118 2009 1322 2092 Campaniam

328 2107 372 2162 ,et
387 2097 480 2178 quasi
495 2095 643 2158 mandato
655 2096 802 2180 Pompeji
814 2095 964 2158 homines
980 2095 1228 2164 sollicitantem,
1244 2109 1321 2172 quo

337 2189 419 2262 quot
444 2177 487 2240 ob
513 2197 567 2238 aes
593 2177 732 2240 alienum
759 2191 813 2238 aut
836 2178 982 2240 facinora
1001 2175 1160 2239 credebat
1179 2173 1322 2256 idoneos

336 2259 433 2342 pauci
457 2271 531 2344 aunt
555 2261 700 2356 sequuti:
731 2256 1038 2344 Capuaque'lrullra
1056 2271 1202 2330 tentata,
1224 2251 1315 2314 eous
1315 2269 1322 2317 t

339 2337 494 2420 gisandum
519 2340 552 2402 ei
568 2339 677 2402 Tifata
696 2339 770 2402 fuit.
812 2345 946 2424 Ignarus
971 2340 1108 2412 horum,
1141 2352 1175 2400 et
1201 2335 1321 2400 melior

339 2440 477 2503 sperans
490 2414 633 2494 Coelius,
651 2419 847 2504 conjungere
864 2443 900 2484 sa
913 2441 983 2484 oum
997 2421 1056 2482 illo
1068 2419 1237 2502 cupiebat.
1262 2416 1311 2480 Se

339 2501 418 2585 quia
443 2503 568 2564 ocoulta
595 2501 671 2585 luga
693 2521 755 2563 noo
777 2503 940 2564 satistuto
960 2503 1152 2574 videbatur,
1186 2514 1220 2563 et
1239 2498 1304 2574 maj

338 2583 380 2648 ad
400 2584 506 2647 om'nia
523 2597 719 2670 momentum
735 2596 815 2656 erat,
838 2584 867 2646 si
884 2586 976 2668 quasi
991 2597 1128 2662 praetor
1143 2580 1320 2668 prolioisct

338 2677 443 2738 retur,
466 2670 677 2727 commeatum
695 2687 713 2726 a
728 2665 861 2726 consule
879 2665 993 2750 petiit,
1016 2679 1180 2747 tamquam
1198 2681 1320 2748 purgat

341 2745 376 2806 di
391 2747 441 2808 sui
457 2745 559 2808 caulla
569 2747 741 2808 Caesarem
753 2745 909 2810 aditurus.
927 2747 1073 2818 -Consul,
1096 2743 1251 2806 simulari
1263 2741 1320 2803 Ital

341 2847 398 2890 aus
424 2829 545 2900 icatur,
573 2827 738 2888 tribunum
759 2826 865 2910 plebis
889 2826 1045 2898 ad'unxit,
1079 2827 1218 2910 quires
1242 2843 1319 2885 novt

341 2851 534 2970 molientem
565 2911 745 2971 coerceret.
788 2909 832 2970 At
857 2909 923 2970 Coe
940 2909 1010 2980 ius,
1042 2907 1130 2968 haud
1155 2905 1319 2990 'longedut

366 2989 530 3062 relectus,
553 2987 663 3051 audito
678 2989 811 3052 Milonis
825 2989 1050 3059 incommodo,
1073 2989 1107 3050 in
1123 2988 1254 3051 itinere
1271 2981 1319 3048 sul

339 3009 438 3134 ditia:
460 3070 567 3144 unde,
590 3090 629 3132 oo
654 3072 722 3134 nito
743 3069 811 3148 ejus
832 3071 981 3143 oonsilio,
1004 3071 1160 3132 tribunus
1173 3069 1318 3132 homine

340 3150 375 3212 iu
393 3151 507 3213 urbem
521 3149 642 3214 reduce
667 3165 708 3214 at.
739 3151 804 3214 Sed
821 3151 946 3215 interea
960 3166 1092 3214 senatus
1103 3151 1271 3214 Milonem
1287 3149 1318 3210 lrt

244 3257 250 3264 ·
339 3227 418 3294 stem
432 3231 648 3311 judicaverat,
670 3233 784 3296 Coelio
801 3247 931 3294 manere
949 3233 989 3296 ad
1003 3233 1121 3296 urbem
1140 3231 1241 3314 quIo.

70 3357 82 3366 “
182 3380 329 3438 Euam
403 3363 504 3426 xxti.
527 3363 564 3425 Id
580 3352 676 3445 quum
695 3361 773 3424 effet
790 3361 926 3434 sactum,
949 3363 1045 3447 isque
1063 3383 1100 3427 se
1115 3361 1317 3461 negligendi

148 3453 286 3526 presepia.
342 3441 496 3507 oullodiri
521 3443 685 3514 sensill'et,
716 3443 748 3504 in
767 3444 968 3525 Campaniam
991 3447 1164 3530 profugit,
1196 3451 1317 3508 vires

342 3526 566 3588 consiliarum
580 3525 702 3586 Milone
719 3523 896 3600 iuncturus.
932 3529 1011 3586 Nam
1030 3547 1071 3590 ex
1087 3529 1220 3612 magatia
1239 3529 1275 3588 in
1293 3549 1316 3586 at

341 3607 467 3668 dilitate
486 3607 570 3669 datia
586 3605 774 3667 muneribus
791 3605 930 3686 aliquem
942 3607 1106 3688 reliquum
1118 3609 1268 3670 habebat
1279 3609 1316 3692 gl

341 3687 501 3748 diatorum
529 3705 706 3748 numerum.
750 3687 819 3746 Hos
838 3686 939 3766 igitur
957 3691 1131 3772 Neapolim
1155 3691 1240 3752 clam
1262 3691 1315 3770 jull

340 3767 489 3850 ingredi,
514 3766 733 3854 proditionem
755 3765 867 3850 oppidi
889 3788 1035 3850 sperans.
1069 3769 1080 3832 i
1107 3791 1146 3832 se
1164 3773 1315 3834 Casilina

339 3851 448 3920 venit,
472 3865 506 3913 et
519 3849 579 3911 sub
596 3847 682 3944 idern
697 3859 823 3936 tempus
840 3847 931 3932 signa
948 3851 1019 3932 ejus
1037 3794 1200 3916 militaria
1216 3855 1315 3938 Caput

1210 3957 1301 3999 com-

339 4040 678 4058 ———q—————-

375 4103 449 4176 Gap.
464 4103 526 4158 XX·
552 4099 622 4156 Dio.
643 4099 726 4152 caes.
754 4097 816 4154 Cio.
835 4101 915 4159 Vell.
932 4121 963 4170 a,
981 4103 1030 4176 52,
1046 4053 1135 4163 cala.
1156 4109 1231 4166 Dio.
1270 4111 1314 4168 ca

338 4171 417 4228 xxi.
437 4171 522 4228 Caes.
541 4169 610 4224 Dio.
630 4167 718 4224 Oros.
735 4169 764 4237 o,
783 4171 825 4230 15.
847 4169 916 4229 Dio.
952 4173 1249 4250 Cap.xx11.caes,
1310 4173 1313 4186 ⁴
