2596 4686
237 303 242 310 ’
330 347 372 415 qa
415 303 1256 418 rnemsn.smrnnnunronnnnn.nxxt

162 539 321 618 naemei.
334 554 384 613 et.
407 541 481 626 quin
500 538 613 625 plures
629 534 680 632 ibi
696 535 863 598 locaturus
884 511 1033 618 legiones
1047 499 1154 611 terat.
1168 535 1264 598 inter·

47 633 49 638 ’
165 611 204 668 3·
216 609 305 678 ⁰4⁸·
333 624 419 688 vallo
438 624 500 686 alia
517 617 615 691 cellro
634 617 911 691 circumdederat,
934 630 971 680 ut
988 619 1043 681 illa
1057 619 1171 704 priora
1189 617 1246 680 his

333 705 370 769 ui
389 719 538 789 exparte
557 701 815 770 includerentur.

147 843 323 909 balneum
393 839 508 900 xttx.
528 836 603 898 Huc
620 836 740 898 Caesar
755 832 871 918 raptim
890 833 996 898 ductis
1016 834 1122 899 tribus
1142 849 1178 898 et
1193 837 1234 900 tri
1257 833 1264 852 ⁸

148 915 321 984 0⁸⁰³⁴¹¹¹⁸¹⁴0·
334 919 544 990 cohortibus,
573 917 761 1002 priusquam
779 917 902 978 sentiie
921 917 1096 1002 Pompeius
1116 919 1238 1002 pollet,

148 999 220 1047 ''¹¹¹''
252 1033 260 1044 ’
333 1003 439 1067 terius
464 987 581 1062 vallum
608 1000 814 1083 expugnarit.
856 1001 899 1062 Et
919 998 1026 1062 deleri
1045 1000 1134 1084 legio
1153 1001 1244 1085 potui

334 1085 402 1150 nisi
420 1083 569 1146 dextrum
588 1082 735 1144 Caesaris
755 1100 857 1142 cornu
876 1081 1042 1144 brachium
1061 1082 1159 1153 valli,
1182 1104 1198 1144 a
1217 1103 1250 1146 ea

335 1165 376 1230 ad
395 1163 514 1230 flumen
535 1163 666 1226 tutioris
685 1161 867 1244 aquationis
885 1163 986 1225 caulla
1006 1161 1200 1237 deductum,
1228 1165 1259 1227 fe

326 1249 430 1312 lillet.
472 1247 546 1308 Huc
564 1245 650 1306 enim
668 1243 786 1316 delati,
808 1241 1047 1341 castrorumque
1091 1261 1195 1308 artem
1214 1269 1253 1330 pu

334 1344 407 1404 tes,
430 1342 555 1412 portam
572 1327 785 1411 quaerebant:
809 1325 931 1398 donec,
955 1269 1182 1390 animadverso
1201 1350 1252 1389 err

336 1433 398 1497 qua
419 1410 599 1494 proximum
620 1422 706 1482 arat,
736 1416 799 1470 neo'
821 1405 907 1470 enim
926 1407 1124 1470 defendebat
1146 1411 1243 1494 quisq

334 1489 609 1558 transcenderunt
631 1509 803 1574 aggerent,
833 1488 945 1551 eadem
965 1491 1061 1552 etiam
1081 1493 1231 1575 sequutis
1251 1513 1281 1552 m

363 1587 472 1636 roruta
491 1585 581 1655 parte
602 1571 778 1656 equitibus.
807 1571 899 1633 llaec
914 1591 1002 1633 mora
1018 1571 1177 1656 Pompejo
1193 1575 1269 1658 apati

245 1675 249 1685 ’
337 1597 448 1728 dedit,
476 1655 677 1750 recognita,
701 1654 864 1736 legionem
883 1653 923 1715 ab
942 1673 1043 1736 opere
1063 1653 1233 1717 deductam
1251 1595 1286 1726 sti

338 1737 426 1800 sidio
443 1735 592 1798 mittendi
610 1735 841 1816 laborantibus.
873 1755 937 1818 quo
954 1736 1004 1797 illi
1022 1749 1202 1820 conspecto
1222 1731 1286 1798 aerii

338 1839 375 1882 se
391 1817 590 1894 defenderet
618 1831 731 1879 eontra
745 1817 948 1889 Caesariani,
969 1819 1165 1901 praesertim
1189 1819 1287 1902 equitq

251 1917 253 1924 ·
337 1899 373 1962 in
394 1899 477 1961 locis
496 1921 534 1960 an
559 1897 633 1962 ullis
652 1912 686 1960 et
702 1897 869 1982 impeditis
889 1899 1039 1983 receptui
1060 1899 1229 1973 timentes,
1253 1913 1287 1964 cst

336 2001 451 2066 magna
469 1918 726 2044 condennatione
744 1980 956 2046 retrocedere
975 1995 1167 2066 coeperunt.
1257 2001 1266 2032 ι

170 2125 327 2195 tanagrum
400 2107 439 2170 t..
468 2105 594 2167 Horum
612 2101 689 2186 fuga
708 2117 837 2168 ceteros
854 2123 966 2166 omnes
979 2103 1113 2200 pavoris
1129 2117 1165 2166 et
1178 2096 1288 2166 tumulti

147 2193 330 2250 disertmort»
339 2189 383 2252 im
409 2185 504 2262 levit,
527 2201 563 2249 ut
572 2185 653 2249 nihil
666 2185 843 2270 prohibere
857 2187 1006 2248 Caeaurrs
1020 2186 1206 2270 praesentia
1220 2183 1288 2268 pollt

149 2263 227 2320 “¹⁴3⁸-
340 2292 420 2357 qum
440 2268 551 2366 passim
570 2267 686 2334 solutis
704 2265 874 2329 ordinibus
888 2269 1086 2351 palarentur.
1129 2267 1264 2350 Quidam
1281 2287 1288 2326 r

129 2351 136 2362 ’
364 2351 483 2424 nisena,
515 2353 653 2414 Caesare
675 2348 767 2432 signa
789 2347 1012 2433 prehendente
1033 2349 1203 2444 manibus,
1233 2362 1263 2410 et
1278 2345 1289 2426 jl

340 2373 440 2498 bento
459 2429 653 2504 consistere,
676 2429 811 2493 dimitiis
830 2431 909 2504 illis,
932 2431 1049 2515 lugere
1066 2447 1289 2516 perseverarut

343 2519 427 2590 Tum
450 2513 546 2576 etiam
569 2511 642 2595 ipse
659 2513 778 2574 Caesar
801 2515 835 2574 in
858 2512 1035 2576 discrimen
1052 2514 1174 2597 ingena
1199 2511 1289 2574 incidi

344 2617 442 2682 quum
461 2593 652 2656 retinentia
677 2593 842 2658 uililerum
864 2595 1050 2680 quemdam,
1079 2613 1289 2678 magnarumt

256 2727 259 2734 ι
343 2679 428 2742 rium
446 2676 628 2750 hominem,
651 2677 662 2738 i
689 2675 896 2759 ecuspidem
915 2678 1109 2740 intentaret:
1139 2675 1201 2740 sed
1219 2675 1289 2758 aqui

342 2761 468 2834 serum,
499 2762 556 2855 qui
580 2778 653 2820 eum
675 2759 948 2830 Caesareanas,
979 2757 1079 2820 statim
1104 2757 1289 2822 confoderat

319 2853 320 2858 ’
342 2843 465 2904 Multos
480 2841 601 2904 milites
615 2839 678 2902 hoe
694 2840 827 2922 gemino
843 2842 973 2924 proelio
991 2839 1195 2903 desideravit
1207 2841 1289 2902 caen

343 2923 494 2988 tribunos
514 2922 610 2986 etiam
631 2921 770 2984 militum
792 2935 825 2984 et
842 2923 1053 2985 centuriones
1071 2922 1223 3005 trigintas
1246 2921 1289 3000 sig

246 3077 249 3086 y
344 3003 480 3089 insuper
497 3002 647 3066 militaria
662 3002 814 3066 duodetri
838 3003 905 3066 inta
918 3003 1024 3066 amilla
1038 3017 1121 3066 sunt.
1154 3001 1286 3086 Quodn

342 3085 518 3171 Pompejus
533 3085 682 3228 recpptui
696 3085 801 3147 cecini
829 3099 872 3158 ee,
895 3098 998 3147 totum
1014 3085 1120 3146 deleri
1132 3083 1289 3147 hostiumr

342 3169 481 3230 ercitum
498 3167 590 3251 potui
615 3171 636 3229 'e
654 3165 736 3230 adeo
753 3179 878 3229 eertum
896 3164 1053 3242 habetur,
1078 3179 1115 3228 ut
1133 3167 1241 3251 ipsius
1258 3165 1289 3228 Ca

343 3248 427 3313 saris
446 3269 508 3312 vox
521 3247 676 3330 adnotata
690 3249 755 3312 sit:
786 3268 816 3308 ea
831 3252 875 3308 die
883 3249 1019 3329 summam
1035 3251 1177 3310 victoriam
1214 3265 1289 3308 erest

187 3347 330 3422 mmm
342 3331 433 3412 versas
448 3349 543 3412 partes
549 3330 646 3412 facilli,
663 3329 693 3410 [τ’
705 3333 798 3392 duam
812 3331 941 3391 vittcendr‘
953 3351 1072 3412 gnarum
1084 3267 1247 3408 babsilliin.
1269 3327 1287 3388 S

154 3421 315 3476 acessionem
344 3413 419 3484 itte,
451 3411 607 3495 sineque
630 3411 758 3475 civibus
781 3426 933 3495 parceret
953 3411 1088 3496 propria
1110 3412 1253 3495 pietate,
1280 3429 1289 3468 a

155 3489 329 3570 sistqrism·
343 3493 474 3558 Catonis
494 3493 581 3556 {aeto
599 3507 785 3576 permotus,
833 3494 884 3568 ui,
912 3495 983 3556 visa
999 3493 1203 3556 Julianorum
1223 3490 1289 3571 llrap

154 3559 248 3630 buln·
341 3573 425 3640 ssens
450 3589 567 3659 operto
590 3575 697 3716 eapite
723 3575 814 3638 disee
842 3589 929 3648 erat,
962 3576 1032 3638 sive
1049 3574 1186 3636 Labieni
1206 3587 1289 3636 sente

340 3660 416 3721 tiam
434 3669 606 3740 sequutus,
646 3657 832 3739 ugientibus
850 3656 978 3730 inticis,
1000 3656 1040 3718 de
1059 3670 1171 3718 cetero
1189 3675 1253 3717 non
1271 3677 1289 3715 st

340 3741 461 3803 licitus.
493 3741 590 3800 Certe
609 3739 755 3822 captivos
776 3735 951 3808 transdidit
969 3739 1094 3824 petenti
1105 3737 1267 3800 Labieno:
1287 3761 1289 3790 a

339 3841 404 3907 que
425 3821 481 3883 ille
503 3819 614 3882 serbis
639 3821 784 3903 graviter
806 3820 988 3907 increpitos
1012 3820 1047 3882 ia
1069 3831 1249 3904 conspectu
1267 3836 1289 3878 ot

338 3905 428 3972 nium
445 3901 631 3964 interfecit.

374 4095 446 4166 cap.
457 4094 490 4148 1..
512 4093 635 4150 Straton.
655 4089 747 4176 Gaea.
758 4109 785 4146 e.
800 4091 844 4149 ta.
865 4090 997 4168 Appiam
1012 4103 1041 4148 et
1054 4091 1132 4148 rtur.
1151 4089 1233 4174 Caes.
1252 4087 1286 4142 Ca

338 4161 1006 4305 llttltl'llitllttltti:“”t‘ll
1020 4163 1106 4219 ΗΜ·
1122 4154 1289 4236 ⁸¹³¹'¹³¹¹‘¹'¹'

990 4481 998 4516 Ι
1119 4483 1123 4489 ,
