2628 4692
83 3145 86 3158 '
163 3139 331 3206 reslarlsffr

329 287 391 376 ltl
430 223 630 372 scarnen.
646 273 1062 377 amrunmnronmr
1077 274 1151 342 ιιι
1165 273 1250 342 sen.

163 489 202 546 ΔίῙ·
217 503 315 554 ⁶·7tr·
330 486 532 560 sacerdotio,
561 485 645 571 quod
668 476 803 568 integris
825 481 1040 548 tantummodo
1062 483 1115 544 lex
1135 484 1283 566 pauore.

165 567 202 616 Α·
213 558 247 613 0
256 563 300 626 40·
332 569 394 638 but,
416 570 505 652 iungi
524 569 634 650 pollet.
679 568 924 640 Phasellus,„ue
940 564 1075 632 arbitrio
1093 565 1214 630 inimici
1229 585 1284 624 mo.

311 664 479 722 ⁸reretur,
504 669 578 714 saro
600 648 689 708 illisit
709 665 812 730 caput.
855 649 1019 726 Hyrcanos
1040 647 1072 708 in
1092 645 1226 708 Parthus
1241 647 1284 706 ab·

331 731 444 795 ductus
466 729 518 792 alt.
561 738 603 790 At
619 731 784 802 llerodcs,
812 729 952 792 Arabum
971 741 1003 788 et
1019 725 1137 791 maluhi
1156 741 1285 808 suspects

331 811 414 881 lida,
437 813 469 872 in
483 819 659 894 Aegyptum
679 813 882 894 properavit:
912 807 987 872 inde
1010 825 1070 892 per
1089 805 1284 890 Pamphyliam

332 907 366 956 st
380 893 525 956 Rhodum
543 897 576 952 in
590 893 708 951 ltaliam
725 893 903 972 navigavit,
925 903 958 950 ut
971 909 1082 953 rerum
1102 909 1228 950 suarum
1241 888 1286 950 lla.

331 987 397 1036 tum
414 974 664 1056 Parthorumque
681 974 863 1056 progrellus
880 971 1020 1036 Antonio
1036 981 1223 1058 exponeret·

391 1095 459 1158 XV.
475 1097 604 1180 interea
623 1097 781 1156 Labienus
803 1093 945 1155 Ciliciam
969 1100 1000 1154 cl
1019 1091 1120 1154 Asiae
1140 1091 1288 1158 continen-

333 1189 414 1246 tem,
445 1176 517 1260 quia
534 1177 667 1258 Plancus
694 1197 727 1238 se
750 1176 931 1236 continebat
954 1175 1088 1244 insulis,
1120 1171 1306 1255 subjugabat,

332 1258 453 1342 impetu
472 1257 637 1329 fortunae,
663 1252 700 1319 'et
727 1274 851 1318 terrore
879 1257 1018 1316 Parthici
1045 1255 1199 1316 numinis.
1236 1257 1286 1316 lio-

332 1355 441 1400 manae
461 1340 587 1420 quoque
606 1339 755 1400 cohortes
775 1338 812 1397 ad
829 1359 898 1398 eum
913 1337 1105 1420 frequenter
1121 1328 1287 1396 transibant.

334 1422 448 1504 quibus
465 1433 573 1480 auctus
585 1421 699 1501 Mylasa
716 1435 746 1482 ct
759 1419 926 1490 Alabanda,
949 1421 1063 1480 Carum
1080 1417 1192 1486 urbes,
1211 1437 1288 1499 quum

332 1499 526 1586 praesidium
545 1500 710 1583 adreptum
728 1502 899 1571 nacoliam,
925 1499 1118 1581 expugnarit
1135 1499 1242 1558 armis:
1265 1510 1289 1556 et

334 1581 570 1644 Alabandenses
589 1583 708 1643 adiecit
729 1580 898 1664 supplicio·
941 1583 1073 1660 Mylasa,
1104 1597 1234 1660 quorum
1251 1579 1291 1638 in-

334 1665 422 1725 colae
449 1661 593 1723 Rhodum
619 1665 848 1746 profugerant,
878 1663 994 1731 diruit,
1028 1659 1179 1721 infensus
1200 1658 1292 1718 admo-

164 1755 322 1824 !{qusrf-
336 1744 407 1804 dum
423 1758 555 1826 propter
570 1745 735 1826 Hybream,
760 1745 813 1828 qui
826 1742 1012 1804 clarillimua
1026 1740 1189 1814 facundia,
1211 1760 1290 1824 quum

152 1823 242 1892 fenals
255 1823 308 1878 2⁰·
336 1825 424 1888 uires
445 1843 519 1884 suos
538 1839 647 1886 contra
664 1825 798 1888 Parthos
817 1826 1002 1894 concitaret,
1026 1822 1290 1904 imperatoremm

156 1893 267 1950 imm·
336 1905 479 1967 Caricam
512 1905 680 1966 deridendi
708 1906 838 1966 Labieni
866 1907 965 1970 caall'a
993 1903 1219 1986 adpellaverat.
1256 1905 1291 1966 Et

223 2021 225 2026 ·
341 1987 529 2048 contumelia
549 1987 761 2072 maximopere
780 1985 925 2048 adcendit
945 1985 1184 2050 adolescentem
1203 1983 1292 2044 irrita·

336 2067 433 2129 bilem
451 2081 483 2127 et
502 2066 662 2140 stolidum,
686 2071 741 2152 qui
762 2077 795 2129 se
814 2067 993 2129 Parthicum
1013 2066 1237 2147 imperatorem
1253 2064 1291 2124 le.

337 2149 444 2218 rebat,
477 2151 618 2210 moribus
640 2151 788 2210 Romanis
813 2149 943 2208 multum
969 2145 1178 2230 discrepante
1198 2147 1291 2210 titulo;

336 2229 411 2292 talia
440 2230 524 2290 enim
553 2245 760 2312 cognomenta
792 2229 1037 2312 imperatoribus
1067 2249 1083 2286 a
1113 2226 1292 2290 devictarum

338 2307 477 2394 gentium
496 2313 708 2394 appellatione
727 2311 825 2372 tribui
842 2323 1084 2372 consueverant.
1131 2311 1175 2368 Ar
1189 2307 1290 2370 Strato-

338 2393 476 2462 niceam,
500 2393 532 2451 in
552 2393 732 2476 propinquo
756 2396 865 2461 sitam,
897 2411 955 2451 nec
974 2391 1095 2476 impetn
1116 2407 1230 2474 capere
1245 2389 1292 2445 ln·

338 2472 469 2544 bienus,
498 2478 601 2556 ireque
626 2473 753 2534 domare
781 2474 873 2556 longa
898 2487 930 2532 et
953 2471 1116 2536 laboriosa
1139 2469 1291 2530 obsidione

338 2551 452 2694 potuit.
495 2553 597 2613 Etiam
620 2555 813 2638 praedonum
833 2551 960 2614 audacia
978 2551 1157 2618 Labienum
1177 2547 1292 2616 involvit

328 2635 331 2645 “
363 2631 597 2708 iflicultatibus,
628 2656 722 2716 quum
750 2659 766 2696 a
790 2637 922 2700 ducibus
949 2633 1101 2698 Romanis
1130 2633 1290 2692 timeretur.

342 2716 419 2779 Cleo
436 2729 523 2776 certe
539 2715 837 2790 Gordiooomensis‚
861 2713 1000 2796 Callydio
1019 2709 1292 2796 occupato,fPhry·

342 2796 413 2880 gire
428 2794 571 2867 caliello,
601 2801 765 2880 pecuniam
786 2799 859 2862 colli
885 2797 1009 2858 entibus
1028 2794 1214 2860 imminebat
1226 2791 1293 2850 acri·

341 2891 406 2954 ter,
430 2877 659 2962 adparatnsque
675 2879 840 2940 Parthicos
861 2817 1068 2944 disturbabat,

196 3002 319 3084 Annuit·
402 3001 486 3066 xvt.
510 3001 574 3062 Sed
595 2999 671 3062 haec
689 3023 796 3084 parum
815 3001 852 3060 ad
872 3019 1018 3062 summam
1037 2995 1230 3086 proderant,
1248 2989 1290 3053 ab·

165 3072 331 3140 maganum,
345 3095 451 3154 rente,
484 3101 584 3179 penes
606 3103 698 3164 quem
721 3083 889 3166 plurimum
909 3093 975 3146 erat
996 3077 1182 3160 potentiae,
1210 3079 1292 3136 Anto-

166 3207 278 3260 Dmffl
291 3165 417 3260 'artior
447 3183 519 3246 qut,
547 3163 676 3225 solvens
698 3187 713 3224 a
734 3169 868 3244 Corcyra
895 3181 964 3222 cnm
986 3161 1078 3226 clalie
1102 3159 1291 3248 dueentlrum

164 3273 292 3348 mm,
344 3245 486 3316 navium,
539 3245 710 3307 erlbniurn
732 3245 818 3306 mara
839 3241 1074 3317 relalaciehat3
1104 3237 1289 3300 ubiobnun

343 3267 586 3387 Ahenobarbum
610 3325 736 3397 habuit,
773 3325 906 3404 majores
935 3323 1094 3406 aliquanto
1121 3321 1226 3402 copias
1245 3315 1289 3372 du·

345 3421 478 3468 centem.
520 3407 595 3469 inde
619 3421 718 3468 metus
739 3407 916 3474 nonnullis,
939 3423 978 3466 ne
996 3403 1123 3479 juranis
1144 3401 1244 3466 ierom
1263 3407 1290 3453 ⁸¹

343 3488 558 3570 proscriptum
576 3509 610 3549 aa
627 3491 747 3555 sciens,
770 3486 847 3550 [lare
863 3486 961 3570 pactis
977 3483 1146 3551 dubitaret,
1186 3485 1245 3544 Nec
1259 3493 1290 3536 e⁰

343 3568 448 3628 minus
480 3568 630 3652 subsequi
663 3569 747 3648 juliis
778 3568 932 3650 reliquis,
968 3585 1036 3628 cum
1064 3559 1290 3626 inllructillimis

252 3703 254 3706 .
344 3639 484 3790 Burinque
503 3649 634 3711 navibus
648 3649 804 3712 Antonius
822 3647 992 3742 pergebam
1021 3663 1133 3728 qnurn,
1159 3643 1289 3704 universa

378 3745 479 3793 omrtn
501 3731 592 3794 clalle
613 3745 800 3814 conspecta,
827 3737 864 3790 la.
879 3729 1031 3800 Plancus,
1053 3727 1110 3810 qui
1126 3743 1231 3795 comes
1246 3717 1290 3780 ad·

351 3867 671 3887 Μ

379 3941 453 4012 Gap.
466 3941 544 3998 xlv.
562 3939 654 4000 tavit,
668 3958 713 4008 aa,
731 3956 773 4018 rr,
788 3947 818 4012 et
831 3953 892 4059 sep
915 3936 1034 4008 ioseph.
1070 3934 1140 4006 cap.
1155 3932 1217 3988 XV.
1233 3928 1289 3984 llio.

348 4012 466 4074 Strabo,
481 4009 504 4063 l.
520 4013 560 4076 al·
578 4026 607 4077 p.
618 4011 677 4068 boo.
695 4018 724 4061 et
740 4009 805 4060 Dio.
830 4009 896 4087 yn.
915 4005 989 4058 illas.
1006 4023 1033 4074 q,
1045 4009 1091 4084 pl.
1110 4011 1166 4056 ert.
1185 4021 1209 4056 a.
1225 3999 1289 4052 Stra·
1305 4023 1306 4096 p

348 4080 398 4146 bo,
415 4091 445 4134 ot
458 4081 526 4132 Dro.
545 4077 621 4129 l’lut.
641 4077 744 4134 Aaron.
765 4077 887 4147 Appiae.
902 4073 1000 4128 Parth.
1016 4075 1085 4128 Dto.
1105 4067 1290 4138 studimin-

347 4151 452 4222 aaa
488 4149 560 4226 cap.
574 4145 650 4203 xvr.
671 4143 796 4217 appan.
816 4142 902 4200 can.
919 4142 977 4202 sn
