2658 4686
76 371 81 380 ·
193 361 238 424 tn
256 331 408 426 socom
427 361 510 422 sto.
531 356 690 434 cxxxv.
712 357 829 428 mvn.
961 353 1021 442 723

16 573 108 642 silet,
129 569 235 642 malis,
252 569 439 652 absumptis,
460 569 532 653 ipse
543 570 582 632 ab
593 569 644 631 hia
661 577 814 651 occupate
829 564 1016 654 poliideret.
1049 571 1085 632 U.
1101 590 1131 628 e.
1145 574 1205 642 με.

17 653 127 733 liujus
152 653 279 714 scelere
305 651 445 727 iactum,
469 666 514 725 ot,
538 672 598 736 per
614 646 695 713 ralia
713 650 782 712 loos
802 663 835 710 et
855 649 1017 734 squallen·
1050 643 1129 702 M·
1144 648 1187 710 ²4·

16 737 60 796 tia
90 731 182 796 aelio
209 732 441 806 circumducti,
474 753 569 816 quom
597 751 748 816 aquarum
779 729 1018 815 herbarumque

15 815 205 899 malignitas
225 816 351 876 insueto
370 833 509 896 corpora
530 828 689 886 tentaret,
713 811 800 896 quod
818 808 940 874 uallatis
963 833 1017 874 re-

16 899 146 980 liquum
170 910 249 968 erat,
273 915 344 958 oum
368 910 502 982 sequuta
520 896 645 972 hieme,
671 893 758 959 cirea
776 894 881 958 riuum
898 893 1016 979 Album

19 992 246 1047 contererent.

75 1085 201 1150 xxm
223 1079 391 1167 imprimis„
405 1079 554 1146 molellae
567 1083 754 1146 Stomacsce
775 1094 809 1144 et
827 1081 1016 1165 scelotyrbe
1047 1105 1199 1164 sumu

15 1165 174 1236 luerunt,
192 1165 322 1262 iqnotae
343 1162 449 1226 nostro
468 1165 540 1226 orbi
560 1165 715 1228 hactenus
734 1161 850 1248 peiles,
875 1165 933 1228 aad
951 1167 1016 1231 illis
1033 1173 1213 1242 ssscaetaryrte

14 1247 99 1308 locis
114 1247 309 1309 familiares.
341 1250 419 1307 Nam
433 1245 465 1305 in
485 1247 588 1329 capita
604 1248 743 1331 primum
763 1246 953 1308 incumbens
967 1249 1017 1310 vis
1033 1245 1203 1326 limem,

13 1329 100 1401 mali,
122 1329 278 1392 dentibus
296 1325 443 1406 dejectis,
460 1325 576 1389 faciem
588 1327 781 1390 exsiccabat.
805 1327 944 1391 Plurimi
956 1327 1019 1392 hoc
1030 1325 1174 1396 {mmm
1188 1359 1203 1374 ·

14 1431 145 1492 genere
163 1409 266 1470 morbi
288 1408 387 1471 ssatim
407 1429 524 1498 perem
545 1411 590 1472 tit
612 1411 684 1472 aliis
705 1409 844 1492 sospite
862 1409 942 1470 citra
960 1429 1019 1474 no.
1033 1382 1171 1494 ''s'W‘

16 1513 86 1552 tam
115 1491 297 1553 mediarum
323 1491 462 1574 partium
495 1433 541 1552 ad
561 1490 664 1575 pedes
688 1511 724 1552 ea
749 1489 846 1572 pellis
870 1491 1018 1564 transiit,

14 1593 163 1653 genuum
186 1593 372 1657 compagem
397 1573 537 1634 solvens.
581 1577 650 1636 Nee
666 1571 847 1634 remedium
871 1570 1020 1636 invenie·

15 1655 135 1727 batur,
168 1654 232 1716 nisi
256 1653 341 1739 quod
368 1654 475 1714 oleum
502 1654 535 1714 io
555 1655 631 1715 rino
655 1668 766 1738 potum
786 1653 1019 1738 inunctumqoe
1140 1699 1142 1703 ,

14 1738 133 1818 paucis
157 1736 292 1818 proluit.
336 1739 493 1797 Neutrum
521 1737 607 1796 enim
632 1735 673 1796 iis
699 1734 782 1798 locis
801 1735 1016 1812 nascebatur,

13 1839 126 1904 neque
149 1818 315 1878 maximam
333 1836 445 1878 eorum
470 1818 595 1902 copiam
615 1837 724 1879 seeum
745 1815 936 1880 adtulerunt.

75 1923 185 1987 XXV.
208 1921 334 1984 idcirco
355 1933 513 1983 transacta
531 1920 659 1986 demum
683 1919 810 1994 hieme,
834 1942 932 2006 quum
950 1921 1016 1984 Ao·
1046 1947 1083 2008 u,
1098 1967 1127 2004 θ,
1142 1965 1205 2021 m·

13 2001 126 2087 gustus
152 2004 356 2066 undecimum
376 2003 488 2063 consul
511 2004 667 2088 collegam
686 2005 876 2066 'Pet-entium
894 2005 1016 2068 Varro·
1045 2021 1081 2076 Α,
1095 2020 1130 2075 ο,
1142 2023 1185 2076 ,3,

12 2107 87 2148 nem
102 2090 295 2158 Murenam,
330 2099 378 2156 et,
409 2083 472 2144 hoc
493 2085 647 2148 celeriter
664 2085 839 2158 defuncto,
863 2089 921 2150 Cn.
944 2079 1015 2149 Cel·
1044 2111 1191 2183 huma,

11 2169 171 2250 purnium
183 2168 240 2229 Cn.
250 2169 288 2228 F.
301 2168 359 2228 Cn.
371 2167 409 2228 N.
420 2165 585 2238 Pisonem,
603 2167 690 2228 ultro
703 2167 855 2229 ambitum
872 2169 1013 2228 aCaeaa·
1028 2184 1106 2250 gusto
1119 2182 1169 2236 xl,

11 2270 47 2310 re
67 2269 108 2310 ac
133 2263 296 2332 rogatum,
318 2247 473 2319 haberet,
496 2247 610 2309 Aelius
635 2249 767 2320 Gallus,
791 2267 831 2309 ex
842 2247 926 2312 Atho
940 2248 1208 2312 sicud-Terentio

9 2331 124 2415 copiis
138 2331 274 2408 eductis,
294 2325 437 2392 ten-sliri
456 2326 575 2390 itinere
595 2329 733 2392 similem
748 2327 863 2390 ducum
879 2327 1013 2414 pet-lidi·
1028 2319 1103 2373 Μ·

9 2433 59 2472 ant
87 2425 270 2496 expertus,
303 2408 372 2497 poll
391 2409 649 2494 aliquammoltos
679 2410 750 2472 dies
779 2410 912 2474 maxima
942 2432 1012 2474 cum
1043 2413 1174 2466 Gallusr'a

9 2492 253 2580 defatigatione
272 2491 436 2556 bominum
457 2491 708 2578 animaliumque
725 2495 813 2572 (nom
834 2505 866 2554 et
883 2496 1014 2558 camelis
1028 2483 1130 2535 ‘'m‘'
1148 2498 1190 2533 n·

8 2589 139 2660 aquarn
166 2573 290 2661 portari
318 2573 479 2636 occellum
509 2573 643 2654 fuerat)
672 2575 704 2634 in
730 2577 851 2637 Aeetae
877 2567 1109 2668 regnuml'ss
1130 2564 1193 2622 μ’·

9 2657 183 2742 pervenit.
227 2653 375 2718 Obodam
397 2651 561 2720 adfinitate
583 2655 791 2736 contingebat
806 2655 941 2718 Aretes:
973 2677 1013 2718 eo
1026 2633 1107 2672 Μ’

8 2739 201 2880 promptius
219 2737 347 2821 excepit
361 2737 535 2810 Romanoa,
558 2734 718 2818 donisque
735 2733 941 2818 hospitaliter
958 2757 1012 2798 oo·

23 2823 83 2880 uit.
133 2823 201 2883 Nec
217 2817 294 2880 ideo
310 2817 415 2878 minuo
434 2837 496 2900 per
515 2831 577 2881 tam
598 2818 719 2882 aridam
735 2819 903 2900 regionem
924 2817 1012 2880 dilli-
1025 2803 1194 2943 ammi

8 2903 86 2964 cilia
111 2901 162 2962 eis
182 2899 338 2962 transitos
357 2898 475 2980 Sylloei
492 2897 629 2984 perfidia
646 2913 678 2962 et
699 2898 822 2962 artibus
840 2897 914 2960 fuit.
937 2900 1013 2964 Tri·
1022 2955 1074 2997 m·

7 2983 101 3065 ginta
125 2983 195 3045 dies
212 3003 272 3065 per
285 2981 378 3044 deria
396 2982 600 3066 consumpti:
621 2981 739 3065 quibus
759 2980 956 3054 fermeZea‚
980 2995 1013 3044 et

9 3063 152 3146 dactylis
173 3063 274 3138 turis,
304 3076 336 3125 et
357 3061 422 3124 olei
447 3063 521 3124 loeo
538 3064 687 3147 butyrum
706 3061 882 3148 praebente
896 3063 1013 3147 regio·

8 3167 49 3207 ne
70 3147 240 3208 vixerunt.
283 3142 361 3206 lodo
381 3157 583 3228 penetratum
604 3147 637 3206 iu
657 3167 724 3208 cam
751 3163 788 3206 os
806 3164 917 3226 magna
937 3166 1011 3230 par-

8 3241 42 3288 te
67 3227 236 3300 desertos,
260 3227 377 3312 quibus
395 3239 460 3286 tom
482 3225 584 3288 Sabus
603 3168 790 3312 insperadst.
834 3245 945 3309 uagom
964 3225 1011 3287 ibi

6 3311 112 3370 uitam
128 3305 383 3391 pastoralemque
401 3307 522 3388 degunt
533 3308 693 3380 homines,
710 3317 849 3373 Ararene
864 3322 1008 3370 vocatur.

8 3393 80 3451 Per
97 3389 183 3452 hano
208 3389 437 3475 quinquaginta
458 3388 583 3450 dierum
602 3389 726 3474 spatio,
758 3411 819 3475 per
838 3389 956 3450 inculta
976 3402 1009 3452 et

9 3473 103 3532 invia
142 3471 236 3544 loca,
274 3472 383 3531 mitem
417 3485 624 3554 pacatamque
659 3489 788 3554 gentem
823 3469 1009 3552 adtigeront

11 3559 265 3636 Negranorum:
298 3571 434 3636 quorum
462 3573 518 3613 rex
549 3573 645 3636 quum
673 3551 712 3614 ad
743 3553 851 3636 gentis
878 3552 1008 3636 ignotae
1109 3607 1113 3615 .

8 3635 132 3696 famam
155 3631 341 3716 diffugisset,
366 3633 519 3718 oppidum
540 3654 646 3717 primo
665 3634 786 3776 impetu
808 3646 932 3718 coptum
951 3631 1005 3698 eil.

9 3717 128 3778 Sextis
154 3713 272 3776 deinde
295 3711 403 3777 eastris
425 3713 464 3774 ad
490 3711 610 3778 ssumen
660 3737 700 3776 uo
726 3715 795 3776 darn
826 3717 1005 3800 progredi,

8 3819 84 3858 curn
108 3793 253 3858 hostibus
270 3816 385 3879 magno
400 3795 512 3878 tnagis.
527 3817 619 3880 quam
636 3737 776 3871 difficili,
789 3797 916 3884 proelio
929 3817 1007 3858 con·

6 3881 204 3941 tenderunt.
248 3880 367 3942 Arcum
398 3889 431 3939 et
456 3879 616 3961 gladium,
639 3881 777 3942 lanceam
805 3899 866 3950 ue,
889 3879 1005 3939 fundas

6 3963 110 4022 etiam
133 3961 304 4033 nonnulli,
328 3959 386 4021 sed
404 3959 555 4048 plerique
572 3962 729 4048 bipennes
751 3901 920 4026 hdrebant.
952 3959 1004 4026 bie

12 4070 360 4088 m

52 4119 136 4188 cap.
156 4115 260 4197 xxrtr.
285 4113 359 4182 oto,
379 4127 409 4171 et
428 4115 559 4174 naason
582 4115 784 4200 espany.
810 4115 886 4172 run.
905 4118 952 4182 as,
974 4094 1003 4174 s.

6 4185 144 4322 illl&
158 4186 708 4321 sternteanteritas:
724 4185 916 4312 libente.
932 4189 1003 4244 W·

584 4357 588 4364 ·
655 4325 755 4395 zar
