2994 4684
262 338 471 410 innocuit
491 341 573 406 LIB.
597 343 707 416 cxm.
732 341 848 412 mvn.
1000 342 1059 410 see
1130 401 1142 416 .

131 559 166 620 ln
178 571 202 617 tt
213 553 444 638 ignominiosus,
468 554 566 640 qnod,
588 553 700 640 paucis
718 551 876 636 exceptis,
922 573 982 616 uos
997 556 1056 620 tri-
1073 549 1234 630 ‘ll-equod.

130 637 337 707 basiliculam,
359 637 445 698 ludis
463 636 611 720 magister
627 637 770 722 equitum
786 573 994 720 praefidebat
1006 659 1058 702 uc·
1086 623 1123 680 Α·
1136 625 1171 713 F·
1181 631 1229 697 47·

129 726 284 790 eluctemur
307 739 349 780 ue
372 717 524 804 publicae
552 719 683 804 quidem
705 718 847 782 laetitiae
869 720 1057 785 condonans

128 803 351 886 exprobrationem
372 802 551 864 servitutis.

163 910 274 970 ttxnt.
303 909 358 970 Sic
378 907 504 970 adfecta
525 907 676 986 civitate,
706 909 744 970 P.
765 901 938 971 Cornelius
956 909 1057 971 Dola·
1091 913 1231 973 renuam

128 993 176 1052 bella
187 1005 299 1052 exortus
313 988 357 1052 eil
369 1010 524 1051 novarum
535 991 714 1053 tabularum
725 1005 848 1064 auctor,
864 989 1056 1056 adolescens
1070 985 1135 1036 ’Μ’
1154 987 1234 1068 5⁸³⁰

128 1073 200 1144 talax,
223 1071 355 1142 nobilis,
378 1072 568 1145 obaeratus,
591 1073 739 1158 qualibus
760 1073 886 1135 scilicet
904 1073 943 1134 ad
961 1094 1055 1136 ever·
1069 1053 1137 1175 ’π’
1151 1069 1176 1109 '⁸
1191 1069 1240 1112 “⁴

126 1155 208 1216 tardum
223 1155 318 1215 omnia
334 1153 419 1215 nihil
437 1151 479 1216 cll
496 1155 646 1237 paratius.
690 1155 811 1218 Eratis
826 1175 931 1238 nuper
946 1137 1087 1217 ηοω..
1115 1153 1126 1177 “

124 1239 155 1323 plo
164 1241 190 1296 P.
203 1235 296 1297 Clodii
314 1257 332 1297 e
350 1235 499 1320 patriciis
516 1237 729 1320 transgrellus
748 1235 786 1298 ad
801 1237 939 1319 plebem,
963 1257 1058 1300 occa-

126 1323 181 1380 sione
194 1317 267 1379 sorte
285 1317 482 1390 testamenti,
513 1339 576 1402 quo
595 1319 687 1379 Livia
705 1315 861 1381 heredem
880 1317 1057 1382 institutum

125 1413 203 1460 nutare
218 1421 323 1461 nornen
342 1400 491 1482 julIerat:
514 1397 571 1460 sed
590 1401 773 1463 tribunatus
792 1399 925 1486 petendi
946 1401 1055 1462 oonsi-

124 1483 169 1541 liuu
182 1481 285 1555 luerat,
310 1484 345 1543 in
368 1502 432 1564 qno
450 1483 541 1564 leges
561 1481 749 1544 celaturum
767 1481 959 1553 confidebat,
982 1483 1055 1566 qui-

123 1561 157 1622 lrs
170 1577 194 1622 et
207 1564 269 1644 ipse
289 1564 428 1625 maximo
449 1583 524 1624 aere
545 1563 650 1625 alieno
671 1565 876 1627 liberaretur.
927 1565 1055 1627 Idcirco

124 1643 187 1705 lactus
202 1643 339 1708 tribunus
360 1645 467 1728 plebis
487 1665 552 1706 non
575 1644 630 1705 diu
652 1645 779 1708 distulit
799 1646 840 1708 de
859 1646 977 1708 tabulis
994 1666 1055 1707 no·
1076 1651 1083 1660 '
1169 1641 1182 1668 ‘

124 1729 151 1786 ris
167 1729 349 1810 promulgare
377 1727 578 1810 rogationem
607 1728 697 1809 plebi
724 1729 939 1812 gratillimam.
987 1725 1055 1789 Sed

122 1807 320 1880 bIrebellinsl
351 1808 477 1892 collega
496 1809 702 1882 Dolabellae,
733 1810 770 1872 C.
785 1809 892 1871 Asinii
908 1809 1055 1894 potentia

121 1889 218 1964 dietus,
243 1890 442 1954 creditorum
468 1904 618 1974 suscepta
641 1891 761 1962 cauffo,
791 1891 999 1974 optimatibus
1020 1903 1055 1952 et

120 1971 271 2054 bupletiori
288 1975 377 2056 parti
394 1973 535 2035 civitatIs
555 1985 624 2034 erat
640 1973 894 2053 jncundiss'rmus.

154 2095 269 2156 IIXIV.
296 2095 350 2158 Ab
376 2095 492 2158 borum
511 2096 752 2160 concertatione
771 2095 878 2177 magni
898 2095 1053 2171 tumultus
1076 2078 1243 2166 ffl'ffl*

121 2177 202 2237 initian
218 2178 246 2238 in
264 2179 347 2240 urbe
364 2177 445 2240 fuir:
478 2201 573 2264 quum
597 2193 733 2262 utraque
757 2175 856 2239 factio
879 2179 983 2262 captis
1002 2199 1053 2240 ar·
1065 2152 1226 2219 “mm

121 2261 154 2318 uis
170 2259 218 2319 rim
234 2259 374 2332 laceret,
399 2259 599 2346 crebraeque
618 2259 695 2322 binc
715 2256 792 2318 inde
810 2259 927 2322 caedes
948 2273 1054 2343 patra·

120 2356 198 2401 natur.
233 2341 332 2424 Igitur
360 2355 392 2404 et
419 2355 548 2404 senatus
573 2339 773 2412 intercedit,
806 2362 875 2402 rem
894 2343 1054 2424 integram

121 2421 138 2480 in
149 2423 285 2484 adrentum
302 2423 451 2486 Caesaris
472 2425 595 2486 servari
613 2422 747 2502 jubens:
769 2435 801 2483 et
816 2423 976 2485 Antonius
996 2443 1054 2507 ge-

121 2501 205 2565 latione
220 2526 376 2566 armorum
394 2507 428 2566 in
446 2507 527 2568 urbe
544 2504 872 2587 interdixit-paganis.
915 2504 980 2566 Sed
997 2506 1055 2567 ille

122 2597 186 2646 tanen
201 2587 228 2648 in
246 2587 375 2650 occulto
395 2585 582 2650 Dolabellae
602 2587 747 2656 serebat,
778 2587 945 2669 popularis
963 2587 1058 2648 Iavo-

121 2667 146 2726 ris
161 2688 265 2754 semper
284 2683 460 2752 appetens,
494 2684 526 2731 et
545 2669 577 2729 in
598 2668 710 2731 eadem
728 2667 830 2728 cauila
846 2665 1054 2742 constitutus,

120 2767 155 2830 qn
170 2751 271 2823 aeri,
304 2753 363 2834 qui
387 2771 488 2814 novas
511 2751 635 2813 tabulas
660 2748 843 2834 cupiebant.
886 2747 1056 2834 Postquam

121 2845 343 2906 clanmorem,
367 2834 475 2917 patrui
495 2833 545 2895 sui
565 2835 600 2895 C.
618 2831 754 2894 Antonii
771 2827 879 2900 lilium,
901 2851 972 2892 oum
987 2833 1057 2894 Do-

120 2907 192 2972 labella
216 2913 308 3000 llupri
338 2915 606 2978 consuetudinem
633 2913 756 2975 babere
786 2913 964 2996 comperit,
1001 2925 1056 2976 aut
1126 2922 1128 2928 ’

121 2995 361 3076 tmperiiieratns
381 2995 444 3072 ell3
474 3009 507 3058 et
531 2997 618 3058 illam
638 2995 748 3080 exegit
767 2993 882 3064 domo,
915 3009 947 3056 et
966 2995 1054 3056 buno
1089 3039 1097 3050 ,

122 3091 253 3157 oppugnare
272 3077 314 3138 ab
332 3079 449 3140 codem
471 3077 548 3140 odio
569 3077 690 3139 statuit:
723 3075 813 3160 plebi
836 3097 965 3160 quoque
990 3075 1054 3154 jam

123 3151 198 3228 intus,
218 3181 308 3243 aqua
325 3161 431 3244 pluris
451 3157 526 3221 lieri
542 3158 753 3232 Dolabellam,
779 3173 873 3240 quam
890 3179 937 3232 se,
960 3157 1053 3220 vide·

121 3230 161 3304 ll.
181 3259 262 3320 quum
284 3241 369 3324 apud
396 3255 540 3304 sonatum
562 3241 741 3304 communis
763 3239 878 3331 culpae
897 3241 1054 3322 majorem

121 3331 199 3396 putem
214 3323 278 3405 ipse
297 3325 486 3386 sustineret.

154 3443 257 3508 XXXV.
288 3447 359 3509 Iam
384 3461 454 3510 erat
476 3448 506 3509 ei
527 3447 708 3510 concellum
729 3446 767 3508 ab
787 3457 918 3516 senatu,
952 3438 1050 3524 (juris
1062 3491 1238 3544 makm-

122 3521 186 3612 nin,
210 3527 288 3610 quod
310 3531 503 3602 amiserant,
535 3531 707 3614 Imaginem
727 3529 839 3589 saltem
858 3523 1048 3596 tuebantur,
1063 3570 1094 3610 ,κ
1106 3561 1147 3612 m·
1167 3559 1240 3612 um,

122 3603 218 3692 grentes
234 3611 316 3692 qnod
334 3609 511 3694 probibere
526 3621 591 3672 non
605 3611 776 3695 poterant)
797 3622 842 3681 ut,
865 3607 1050 3670 introducto
1062 3629 1218 3684 aarum.

122 3687 237 3751 unbem
258 3693 378 3764 milite,
410 3713 480 3753 curn
509 3694 647 3778 reliquis
673 3689 832 3762 tribunis,
864 3689 920 3772 qui
943 3686 1052 3752 neutri
1134 3719 1141 3728 ·

122 3769 211 3844 tedium
235 3793 267 3834 se
294 3775 547 3855 conjunxerant,
581 3773 814 3858 rempubIIcam
844 3769 1051 3832 defenderet.

123 3864 186 3930 teque
197 3853 316 3918 multum
335 3875 375 3918 eo
393 3857 531 3918 consilio
548 3855 734 3946 profectum
751 3853 791 3916 ad
809 3853 952 3940 quietem
968 3863 1051 3924 erat,
1141 3921 1146 3928 ,

527 3971 530 3979 ,
569 3962 577 3978 .

134 4031 187 4110 ,(ῘῬ·
197 4040 314 4098 xxxm.
340 4042 417 4097 Plut.
438 4042 548 4098 Anton.
568 4042 639 4098 Dio.
665 4041 727 4095 Cic.
745 4040 782 4098 ad
798 4039 857 4098 Art.
872 4059 904 4106 7,
922 4040 951 4096 8.
980 4037 1049 4094 nto.

122 4095 220 4178 llbsspll.
237 4111 294 4166 Cic.
309 4109 347 4166 ad
360 4111 420 4166 Att.
435 4131 475 4180 rr,
492 4111 535 4167 sd.
554 4113 622 4166 Dio.
641 4111 717 4166 Plut.
736 4111 845 4164 Anton.
865 4111 927 4162 Cio.
938 4106 1050 4172 Philo,

123 4169 341 4300 btffidafflw'
360 4181 431 4236 uto.
450 4179 534 4239 eme
546 4176 696 4242 ota‘t’su.
710 4183 792 4273 aaa.
815 4177 858 4238 tt.
870 4175 1000 4236 tut-38.
1018 4181 1048 4233 et
