2596 4686
160 281 201 352 tr
222 283 379 350 noenu
403 285 487 348 uua.
507 283 606 350 exat.
633 280 751 352 uren.
909 303 967 372 20,

14 497 176 569 moliebatur,
196 509 288 558 tauto
302 494 382 558 ellat
398 489 569 576 occultior.
614 497 723 570 Certe,
747 498 897 562 Caesaris
910 461 966 562 ad·
994 495 1033 622 ἵ.
1050 513 1076 624 «ὅ
1091 495 1154 644 epol:

15 578 248 661 rentutognito,
281 575 647 654 Leabnmslransmisil,
680 579 737 642 nbi
765 581 860 642 initio
886 579 966 644 belli
1025 604 1033 622 ·
1076 605 1084 622 ·

16 661 159 724 [omeliam
182 657 352 744 conjugem
379 661 582 743 seposuerat.
623 661 838 724 invitantibus
859 661 892 724 in
912 685 967 724 nr·

15 745 66 804 ben
85 765 160 805 suant
175 742 388 824 Mitylenaeis,
412 757 509 826 atque
527 739 743 813 offerentibus
761 743 879 816 omnia,
903 765 969 825 nott

15 828 105 910 paruit3
129 825 196 898 sed,
220 839 354 910 recepta
371 825 522 888 Cornelia
540 819 705 910 rebusque
724 819 812 910 ejus,
834 825 970 890 biduum

19 907 191 970 natntmodo
212 917 438 996 morates'per
458 905 694 994 tempestatem,
719 921 858 994 quatuor
877 907 971 972 adoli-

21 992 205 1066 tiaaotuarlis,
229 1012 313 1076 quae
330 987 500 1056 allbodiis
519 1003 553 1074 et
566 993 653 1076 'I'yro
669 1005 838 1075 venerant,
860 989 895 1054 in
914 987 970 1054 Ci·
999 1059 1006 1080 ἡ

19 1073 93 1136 loom
115 1089 238 1138 erectus
265 1073 320 1138 etl.
362 1077 413 1138 Eo
431 1075 464 1138 in
483 1093 583 1144 eursu
603 1087 635 1140 et
652 1075 769 1144 Sextus
788 1072 875 1138 filius
895 1095 970 1140 eunt

16 1157 173 1240 adaequatus
190 1153 246 1230 est,
270 1172 304 1220 et
319 1178 452 1242 magnus
467 1179 621 1222 uumerus
639 1173 839 1222 senatorum:
863 1173 896 1222 et
913 1179 970 1228 na·

14 1259 51 1300 res
69 1237 207 1324 quaedam
229 1261 302 1326 cnm
321 1239 480 1306 militibus
501 1246 541 1306 e'x
560 1241 675 1306 Cilicia
694 1253 920 1306 occurrerunt.

58 1347 102 1408 lx.
126 1346 279 1430 Exposito
299 1349 401 1432 igitur
414 1348 593 1428 Deiotaro,
617 1352 674 1434 qui
694 1350 841 1412 ultimum
859 1351 969 1412 orien-
999 1355 1100 1411 lltutt

14 1441 60 1488 tem
82 1430 110 1488 ia
132 1429 280 1493 auxilium
300 1431 450 1514 Pompeii
471 1446 711 1512 commoveret,
744 1433 817 1518 ipse
838 1447 971 1518 praeter
983 1423 1137 1510 beelim

12 1511 162 1586 Ehesunt,
182 1527 213 1572 et
234 1511 479 1594 Colophonem,
508 1513 808 1598 interjacentesque
827 1513 969 1588 insulas,
983 1493 1116 1578 ΨΜ

14 1535 130 1653 Iliadum
147 1593 251 1678 petiit.
295 1593 436 1668 Rhodii,
459 1593 624 1680 postquam
641 1595 723 1658 alius
739 1597 804 1660 elle
818 1595 882 1678 jaun
896 1565 1085 1661 συθ-ΜΨ·

14 1690 82 1758 perat
97 1674 287 1771 Pompeius,
310 1673 467 1740 adversus
487 1671 579 1740 illum
594 1677 694 1742 iidem
712 1679 777 1742 elle
795 1677 972 1742 desierant.

15 1759 90 1838 igitur
107 1756 224 1842 oppido
244 1771 408 1853 portuque
448 1755 645 1833 rohibituna,
667 1759 767 1824 millis
788 1759 829 1826 ad
849 1781 924 1826 eunt
941 1773 974 1826 et

13 1839 136 1902 sturnos
147 1839 289 1912 nunciis,
305 1859 345 1902 ex
362 1839 404 1902 ris
420 1781 504 1904 licio
521 1841 694 1906 discedere
713 1839 878 1908 ‘ullarune
900 1843 974 1904 Pri-

14 1921 220 1996 aemathium,
244 1943 303 1983 nus
329 1943 401 1984 uam
416 1923 509 2007 prius
523 1925 593 1986 ausi
607 1864 801 2000 consilere,
823 1923 976 1988 Attalium

14 2001 126 2065 inierunt
136 2005 169 2063 in
181 2001 324 2088 Pamphy
339 2001 384 2066 ia:
406 2025 505 2088 quum
519 2003 581 2085 jam
593 2007 765 2070 recollecti
780 2007 848 2072 exi
892 2025 977 2066 ase-

13 2101 114 2146 aatores
129 2085 263 2148 circiter
282 2085 447 2170 sexaginta
465 2085 577 2150 effert.
618 2087 764 2162 Deinde,
812 2087 863 2152 uia
908 2107 978 2150 ont·
1070 2081 1078 2116 ⁸

14 2167 82 2248 pejus
104 2165 291 2228 commodos
315 2167 481 2251 aquationi
505 2169 670 2254 rebusque
691 2173 773 2234 nece
800 2169 880 2232 ariis
899 2189 979 2254 por·

14 2263 62 2318 tuo,
81 2248 236 2334 simulque
258 2249 455 2312 remotiores
473 2245 754 2338 abstrusioresque
768 2249 965 2337 sequebatur

13 2329 107 2408 Syedra
127 2331 302 2404 concellit,
325 2330 492 2394 desertum
512 2332 656 2398 Isauriae
678 2333 865 2420 scopulum,
888 2291 978 2418 quoti

14 2415 100 2474 natale
116 2412 375 2475 Selinuntioruna
394 2428 475 2478 erat.
504 2413 519 2437 '

54 2513 88 2572 x.
113 2511 161 2573 lbi
179 2509 309 2574 demam
329 2511 467 2574 celatura
485 2511 641 2578 hactenus
661 2513 834 2578 consilium
853 2511 977 2576 nudare
1007 2505 1149 2579 Pfflll‘lfl
1267 2523 1271 2531 “

15 2595 103 2676 eoepit,
125 2615 172 2667 se,
193 2591 340 2654 diffisum
355 2595 535 2677 provinciis
548 2597 709 2670 omnibus,
732 2610 884 2660 externas
896 2615 978 2679 opes
989 2591 1171 2660 ‘¹“'.”l³⁰l‘⁸

14 2667 153 2756 quaerere.
181 2673 290 2770 Quum
307 2673 341 2736 in
356 2673 605 2740 aestimationem
623 2676 729 2742 omitia
740 2677 865 2742 circum
877 2695 979 2759 regne
991 2657 1113 2718 mlum
1213 2707 1219 2729 ι

15 2757 161 2830 vacilleut,
189 2755 231 2819 ad
247 2757 402 2819 Parthum
426 2757 601 2824 inclinabat
624 2761 798 2824 sententia.
831 2759 977 2832 sedhic,
1068 2801 1072 2808 -

15 2839 123 2901 amicitia
142 2837 294 2924 Pompeii
316 2837 439 2920 rejecta
462 2861 588 2926 nuper,
621 2843 718 2906 etiarn
735 2841 861 2928 legatos
880 2837 920 2902 ab
938 2861 979 2902 eo

15 2921 94 2983 uillas
110 2921 266 2984 habuerat
283 2921 317 2982 in
331 2921 488 2986 vinculist
511 2938 681 3008 praeterea
693 2923 733 2986 ad
745 2921 980 2986 interfectores

16 3001 167 3064 [talorum
185 3003 371 3068 Corneliam
388 3003 524 3080 adduci,
549 3027 631 3104 quae
652 3019 750 3092 nupta
766 3003 886 3068 Publio
907 3003 979 3066 luc-

15 3097 62 3156 rat,
85 3084 172 3148 etad
191 3085 442 3170 projectillintos
462 3087 496 3148 in
513 3085 707 3162 libidinem,
736 3085 888 3166 juvenem
909 3086 981 3150 lor·

16 3184 124 3242 rosam,
145 3165 485 3231 alienumvidebatur.
521 3169 655 3246 tubam,
676 3166 858 3232 lidill'trnunt
876 3167 982 3254 parti·

16 3245 56 3308 luo
70 3271 191 3334 regem,
215 3251 284 3340 peti
306 3251 431 3312 vetabat
450 3251 622 3316 insolentia
643 3250 793 3330 barbari,
816 3265 848 3314 et
866 3252 899 3312 in
916 3249 982 3310 Va-

18 3349 43 3388 ro
57 3335 158 3416 populi
178 3333 315 3395 Romani
335 3331 488 3416 despecta
507 3333 666 3414 majellao,
696 3347 728 3396 et
747 3331 863 3396 levites
884 3331 983 3393 insita

19 3413 91 3492 genti.
130 3419 165 3477 ln
178 3415 340 3501 Aegyptio
358 3434 436 3498 rege
455 3429 543 3478 aetas
561 3419 699 3478 maxime
717 3413 925 3500 displicebat,
949 3425 984 3476 et

18 3495 82 3574 qood
102 3497 261 3562 tredecim
282 3516 439 3561 annorum
459 3517 544 3582 puer
564 3521 582 3560 a
599 3497 750 3562 nutriciis
771 3509 804 3560 et
822 3495 984 3582 paedago-

19 3577 53 3656 εἰς
68 3581 244 3664 regebatur.
443 3595 451 3606 ·

60 3687 106 3748 Xl.
135 3687 177 3750 At
193 3686 431 3772 Theophanes,
461 3705 527 3772 quo
547 3687 721 3770 plurimum
737 3683 913 3770 Pompeius
935 3682 984 3746 nti
1010 3683 1172 3756 Theophras

18 3781 224 3846 nascererat,
254 3773 378 3854 iulium
397 3767 446 3850 effa
465 3768 616 3843 rebatui·‚
639 3769 669 3852 st
683 3769 717 3832 de
731 3768 787 3828 allo
802 3768 860 3846 ello
871 3771 981 3848 parius,
993 3757 1151 3896 ἰςςζεπῖ
1225 3821 1229 3828 ,

41 3923 101 3996 Cap.
114 3927 189 3982 vill.
208 3926 278 3981 Dio.
297 3927 376 3982 Plut.
395 3925 504 3982 Lucan.
525 3927 609 3984 Caes.
628 3907 756 4000 Appiae.
773 3923 884 3979 Lucan·
903 3921 982 3978 Plut.
1105 3957 1112 3970 ι
1143 3953 1147 3966 ·

19 3989 353 4136 etheredo
373 3995 569 4122 ‘llere
587 3989 982 4120 ¹lleo.¹'le,lnt:

19 4081 74 4268 guill
90 4135 192 4258 lupam.
193 4133 343 4262 xppprpp
354 4083 532 4208 .Juffip.4¹’
547 4085 584 4196 di)
585 4083 670 4196 1i'elli
686 4151 718 4204 s,
734 4133 779 4194 53.
796 4131 904 4186 Lucan.
923 4127 983 4213 hp·

71 4239 77 4254 ·
133 4221 178 4277 sp.
235 4241 243 4261 .
331 4241 340 4261 .

225 3883 336 3894 ——nn-
