2688 4698
77 241 82 248 ⁸
184 293 702 364 inconvenientium.
725 295 843 364 mvn.
950 295 1010 378 767

17 505 107 600 tium
125 503 361 601 credebatur,
392 525 490 588 super
508 519 634 600 cetere,
666 505 743 601 victi
761 508 928 604 induisis
947 508 1007 570 ssu-
1039 513 1192 578 U.n.sin.

17 587 1007 742 ueniuntristunurrunnun·
1039 584 1073 639 ²·

17 689 191 812 ducturum
212 711 365 832 impdrsts
388 749 608 833 polliceretur.
750 713 759 744 ⁹
790 693 810 754 p
886 697 907 755 p
998 715 1008 748 '

93 855 181 919 Vltt.
217 857 283 916 Per
305 845 478 917 immensos
501 854 619 917 deinde
637 854 724 916 lscns
741 870 807 920 scts
825 858 937 928 cisiie.
973 858 1008 919 in
1039 847 1150 939 Cissei.

18 937 179 999 Chaucos
201 949 417 1020 penetratum,
450 955 569 997 sununs
588 957 650 1022 cpe
669 951 796 1000 tuentes
816 940 1007 1014 libertatem,

19 1039 127 1102 quam
150 1017 253 1080 ferme
279 1019 378 1080 solum
406 1018 612 1079 humanorum
644 1017 802 1083 hunorum
831 1019 1007 1095 hebebant,

18 1115 97 1162 tots
126 1100 210 1162 ritus
230 1101 355 1162 ustione
378 1099 549 1183 insigniter
567 1101 695 1162 misere.
737 1106 816 1164 Nem
834 1103 866 1162 in
892 1101 1008 1164 sessus-

18 1183 91 1242 riis
110 1181 227 1243 dubiae
240 1180 463 1323 pumilionis,
491 1181 594 1242 solum
612 1201 672 1265 per
694 1181 839 1265 singulus
858 1183 929 1248 dies
950 1203 1008 1246 no·

20 1277 167 1347 ctesque
183 1264 236 1326 rin
263 1265 366 1325 icsnte
382 1281 514 1332 ccesnn,
537 1281 598 1324 non
613 1262 849 1346 agriculturam,
873 1285 935 1326 non
954 1285 1010 1328 te·

21 1360 140 1407 natum
159 1345 368 1416 exercebant,
389 1345 562 1406 mansuetis
577 1346 672 1406 etism
691 1344 1011 1408 snimslibus'csren-

19 1441 91 1492 tes.
128 1426 270 1510 piscibus
294 1425 427 1488 maxime
454 1425 631 1488 vivebatur.
664 1446 705 1488 ne
728 1427 861 1490 arbores
879 1428 1011 1512 quidem

20 1509 173 1570 fructum
193 1522 246 1570 sut
261 1505 345 1590 ligne
364 1505 575 1590 praebebuntz
596 1507 795 1570 bituminosa
813 1509 902 1580 luto.
924 1509 1012 1594 quod

22 1590 180 1652 nsanibns
202 1587 413 1672 cumpreffum
434 1589 574 1660 siccent,
604 1588 643 1651 sd
659 1589 846 1673 coquendos
867 1591 958 1653 cibus
978 1603 1012 1654 et
1128 1629 1129 1632 =

23 1672 174 1732 fovenda
197 1689 334 1753 corpora
354 1669 440 1754 ignis
456 1670 610 1732 niebstur.
652 1674 686 1732 ln
702 1690 816 1752 magno
834 1673 878 1732 ibi
893 1672 1011 1734 discri-

24 1754 119 1813 minc
130 1755 256 1815 Drusus
275 1753 348 1826 tuit,
372 1773 466 1836 quum
488 1750 644 1815 recedens
659 1751 735 1816 ssstc
752 1767 898 1836 tempore
916 1773 1010 1816 cces-

24 1855 89 1894 nus
115 1836 246 1918 ignaros
264 1835 408 1898 locurum
432 1834 463 1894 in
483 1835 572 1896 sicco
591 1832 786 1897 destituiffet.
828 1835 1011 1898 Frisiorum
1060 1853 1062 1857 ’

24 1915 95 1976 {ide
117 1917 246 1990 fuctum,
269 1915 401 1999 nequid
421 1915 607 1978 detrimenti
623 1915 838 1998 sdciperetur‚
861 1917 927 2000 qui,
949 1937 995 1978 uu
1114 1935 1118 1952 ·

24 2018 91 2080 per
115 1999 194 2058 inits
215 1998 390 2068 societate,
422 2017 492 2058 cum
519 1994 718 2080 pedestribus
739 1997 842 2080 copiis
866 1998 1008 2060 ederunt.

24 2081 99 2140 Has
123 2081 164 2140 nb
185 2077 413 2150 difficultates,
448 2099 525 2161 quse
544 2079 732 2140 immensum
754 2091 884 2140 sucturs
905 2077 1010 2140 immi·

23 2183 111 2220 nens
132 2162 191 2240 jam
207 2161 309 2222 hiems
326 2159 511 2231 ridebatur,
541 2159 686 2230 Drusus,
709 2157 851 2220 reductis
869 2161 901 2222 in
916 2178 1008 2244 pecs·
1039 2163 1147 2219 Drusus

22 2255 58 2302 tn
78 2243 204 2326 copiis,
227 2245 358 2303 Romam
376 2240 492 2316 rediit3
514 2253 730 2324 exceptusque
751 2237 858 2302 multis
875 2239 1006 2318 honori·
1020 2244 1130 2302 praetor
1146 2233 1190 2298 sst-

24 2325 103 2396 bus,
127 2337 159 2386 et
178 2325 209 2384 in
229 2344 341 2384 annum
363 2336 549 2415 sequentem
567 2335 697 2405 praetor
709 2321 848 2383 urbanus
861 2321 1007 2404 designa·
1021 2313 1079 2353 ‘¹¹¹'
1096 2305 1193 2357 '‘¹⁶⁸‘'

24 2419 81 2466 tus
108 2403 286 2489 esssqnum
308 2418 398 2465 untes
414 2423 474 2480 lem
489 2403 626 2486 insignis
644 2404 805 2486 praetoris
824 2403 901 2464 sdce
927 2405 1007 2466 iss'ct.
1022 2385 1082 2430 '⁸¹'

93 2489 148 2547 tx.
172 2486 212 2572 Q.
240 2485 355 2548 deiude
372 2485 466 2546 Aeliu
484 2485 525 2577 Q.
547 2487 585 2546 F.
607 2484 798 2558 Tuberone,
821 2427 933 2548 Pautd'o
949 2487 1010 2546 Fu·
1041 2504 1073 2560 0,
1090 2509 1190 2572 0441,

27 2567 87 2628 bio
102 2567 144 2661 Q
155 2569 191 2628 F.
203 2570 339 2630 dissime
359 2567 554 2640 consulibus,
576 2564 660 2626 idem
677 2567 814 2637 Drusus,
838 2565 930 2628 simui
952 2587 1010 2648 per
1045 2576 1074 2627 t.
1088 2577 1121 2628 c.
1135 2591 1175 2625 ιι.

26 2663 160 2732 tempus
182 2652 254 2710 enni
275 2650 396 2732 potuit,
418 2645 532 2709 Rheno
555 2648 670 2709 iterum
688 2659 855 2730 superato,
885 2648 916 2708 in
939 2647 1008 2706 Usi·
1040 2644 1074 2721 Q·
1092 2641 1193 2706 ΑΕῙῙΟ,

26 2745 126 2812 petes
146 2745 178 2792 ct
194 2735 371 2792 Tencteros
389 2729 557 2812 ingreffus‚
579 2748 642 2788 non
660 2741 733 2790 snte
753 2725 881 2800 destitit,
905 2749 1007 2810 quum.
1021 2710 1191 2832 Pi¹¹¹¹⁰nffff

25 2815 139 2892 posits
156 2812 297 2882 ferocis,
320 2812 410 2894 leges
451 2812 515 2871 acis
534 2808 732 2892 adciperent.
774 2809 876 2892 Lupis
892 2807 1009 2869 deinde
1022 2779 1073 2902 ¹³2?
1086 2783 1126 2898 ρξ’
1151 2817 1159 2833 ’

25 2894 186 2974 pontibus
207 2893 325 2972 juncto,
348 2913 407 2974 per
422 2834 604 2953 dicambros
622 2887 660 2952 sd
678 2889 912 2952 Cheruscorum
929 2889 1009 2952 fines
1028 2853 1193 2970 fisszr‘ssu

27 2989 62 3034 ct
87 2975 243 3058 Visurgin
262 2993 363 3056 usque
381 2971 541 3056 processit.
584 2971 740 3034 Sicambri
759 2985 823 3032 tum
838 2969 923 3032 forte
939 2991 1010 3032 curn
1023 2985 1124 3043 ainai,

26 3055 183 3115 omnibus
208 3056 310 3138 copiis
330 3053 424 3116 domo
443 3054 593 3126 uberent,
623 3053 721 3116 Cattis
743 3051 920 3114 inserentes
943 3053 1012 3113 bel·
1067 3075 1075 3090 ·

27 3135 120 3207 lum,
150 3137 204 3219 qui
228 3138 288 3197 soii
313 3133 519 3197 finitimorum
543 3134 727 3196 societatem
750 3133 877 3195 illorum
902 3155 1013 3216 asper·

28 3218 99 3278 nati
127 3215 263 3282 suerunt.
304 3218 392 3276 Haec
411 3218 537 3278 occisio
557 3230 699 3300 pscstunr
722 3215 830 3276 Druso
844 3217 1013 3276 transitum

28 3299 137 3358 dedit.
182 3298 359 3382 Supcrubst
375 3311 408 3359 et
421 3297 596 3380 Visurgin,
624 3297 678 3370 ni,
705 3315 803 3379 super
821 3297 1014 3358 necetisrio-

27 3401 106 3438 rum
125 3379 278 3462 inopium,
297 3377 400 3440 hiems
418 3379 597 3463 propinqus
616 3378 773 3439 retuiiiet.
815 3378 917 3438 Etium
936 3377 1015 3438 reii-

27 3461 88 3541 gio
103 3459 219 3538 injectu
235 3457 372 3521 reditum
389 3461 497 3532 suasit,
521 3460 594 3544 quis
611 3459 643 3519 in
659 3455 766 3519 castris
779 3477 908 3520 examen
921 3477 1014 3540 epum

25 3541 63 3600 in
86 3539 293 3603 tabernaculo
310 3537 437 3602 Hostilii
454 3539 527 3601 Rufi
542 3540 698 3624 prsesecti
713 3537 883 3600 cedrorum
899 3559 1014 3602 conse·

28 3622 145 3694 derat,
168 3623 210 3683 ita
232 3636 267 3682 ut
284 3623 392 3684 funem
414 3621 674 3704 praetendentem
694 3617 930 3705 praefixumque
944 3635 1016 3704 ten·

27 3704 122 3767 torio
143 3703 284 3766 lsnceum
306 3705 563 3785 amplecteretur.

95 3787 137 3844 Χ.
169 3785 236 3846 Sed
256 3781 423 3846 recedenti
445 3803 509 3844 non
538 3783 648 3847 eudem
674 3805 690 3844 s
709 3781 879 3846 Germanis
900 3781 1015 3864 quies,
1047 3791 1078 3843 ts
1093 3787 1183 3841 rodus

31 3886 131 3950 quam
151 3865 295 3928 venienti
312 3866 438 3940 suerat,
461 3863 534 3928 fuit.
575 3867 682 3928 Exciti
697 3866 913 3928 Romanorum
932 3863 1016 3924 irrn·
1029 3853 1201 3933 rtffmffl'·

70 4023 147 4096 Csp.
160 4023 227 4080 vll.
248 4025 317 4078 Tse.
336 4018 437 4078 Germ.
451 4023 495 4086 tt.
513 4021 621 4080 Strabo
647 4021 669 4079 t.
681 4039 709 4090 7.
724 4040 753 4094 p.
768 4039 827 4090 sun.
843 4017 910 4076 nto.

34 4093 119 4147 um.
135 4091 211 4148 run.
232 4093 274 4156 1⁶,
292 4110 316 4173 ¹:
335 4089 403 4148 nio.
439 4092 512 4165 cip.
532 4094 581 4149 rx.
597 4063 677 4149 rior.
696 4095 723 4158 t,
740 4111 780 4148 η.
799 4091 868 4148 uto.
888 4019 1022 4144 miii·

32 4176 99 4235 seq.
137 4161 211 4233 Cup.
226 4160 262 4218 X.
280 4161 351 4217 Dru.
873 4209 878 4222 ,
