2658 4686
128 365 172 427 IN
189 361 341 426 Locum
361 365 442 429 LIB.
463 363 637 428 CXXXVI.
661 367 776 431 Lttttt.
899 361 961 446 735

43 573 99 636 XV.
131 569 256 633 Eodem
283 591 364 633 anno
397 571 430 631 in
461 573 666 656 Aethiopiam
697 576 834 658 primum
867 575 960 658 signa
991 567 1143 632 [hc-¹73⁰·
1233 579 1235 591 '

27 675 112 717 onena
128 668 341 736 penetrarunt
359 653 410 712 his
434 655 558 715 enutris.
602 656 685 715 Dum
708 670 831 738 partem
850 658 960 738 copia·
993 637 1126 722 A·c:²'².·

27 759 51 798 m
71 737 177 796 Aelius
196 737 307 798 Gallus
326 733 464 796 Arabico
480 735 568 796 helio
589 751 744 820 occupat,
768 737 959 820 Aethiopes,
975 709 1149 830 ’Ξέἷᾝῗλ

27 818 113 884 netis,
145 818 276 899 quaein
294 820 440 900 Aegypto
464 833 703 892 remanserant,
728 815 824 879 castra
844 819 962 880 cohor·
975 843 1107 900 pum-,3

27 921 60 960 nn
91 899 194 978 Syene
221 896 390 960 eonttituta
421 897 529 958 subito
554 898 693 960 adventu
726 914 961 982 expugnarunt.

27 982 60 1042 ari
78 980 248 1040 velocitate
273 978 391 1040 deinde
413 979 627 1062 Elephantine
653 1001 689 1040 ec
712 981 817 1041 Phitis
847 983 961 1066 potiti,

27 1077 88 1144 tptos
113 1061 144 1120 in
166 1060 588 1144 servitutemredegerant,
623 1059 729 1123 statuis
749 1058 898 1124 Caesaris
926 1085 962 1122 u·

27 1164 76 1226 ¹que
94 1141 241 1221 dejectis.
284 1143 387 1226 Igitur
401 1143 589 1214 Petronius,
612 1163 682 1204 eum
698 1143 840 1227 peditatu
859 1147 963 1205 minus

27 1245 89 1286 seem
106 1224 251 1294 millium,
265 1221 428 1307 equitibus
438 1224 633 1307 octingentis
646 1224 835 1296 adcurrens,
848 1227 964 1307 trigin-

40 1305 186 1365 hominum
202 1305 301 1365 millia
322 1305 356 1366 iu
383 1325 438 1366 ere
459 1305 527 1388 ipsa
546 1305 702 1367 adventus
723 1308 773 1368 sui
788 1309 871 1369 sama
888 1327 964 1368 coe·
1043 1360 1047 1367 .

27 1403 45 1449 t.
63 1391 130 1468 lpse
146 1401 314 1470 sequutus,
332 1325 379 1447 ari
387 1386 566 1460 Pseichant,
591 1387 745 1472 oppidum
758 1389 963 1472 Aethiopiae,

29 1483 166 1552 gatosres
183 1469 359 1552 repetitum
376 1469 473 1531 misit.
497 1469 547 1529 ttti
570 1489 606 1530 se
626 1492 641 1530 a
661 1471 843 1532 namarchia
862 1471 966 1530 laces-

29 1567 65 1612 tus
78 1547 151 1628 justa
179 1549 298 1634 piaque
313 1571 399 1610 erma
419 1549 611 1633 corripuisse
628 1551 878 1636 responderunt.
907 1552 965 1613 Vi-

31 1633 81 1692 ssim
103 1630 301 1700 Petronius,
339 1635 508 1694 Caesarem
530 1633 594 1694 effe
618 1631 780 1694 dominum
800 1633 961 1716 regionis,

27 1713 166 1774 marchas
182 1733 246 1773 non
265 1713 347 1786 effe,
370 1733 549 1796 segerens,
572 1714 673 1775 tridui
693 1716 829 1800 spatium
852 1730 967 1800 peten-

27 1795 68 1856 bus
95 1793 133 1854 ad
152 1793 405 1861 deliberandum·
420 1795 521 1856 teuit.

49 1901 126 1964 xvt.
149 1901 307 1962 Pervenit
328 1914 433 1962 tamen
451 1921 505 1960 res
527 1901 567 1962 ad
596 1922 754 1998 pugnam:
780 1901 858 1974 sati,
890 1923 966 1984 pro·
997 1887 1113 1968 ΜΠ

27 1995 60 2043 ter
79 1997 110 2044 et
129 1982 323 2066 imperitiam
345 1979 521 2044 instruendi
544 1997 575 2044 et
594 1998 702 2066 inepta
719 2005 804 2044 arma
822 1981 966 2052 hostium,
979 1957 1141 2078 mmmm·

27 2066 90 2126 cilis
126 2065 294 2125 victoriae.
346 2065 441 2126 Scuta
476 2066 619 2146 ingentia
648 2069 837 2127 i'e1·entese
867 2064 967 2126 crudo
1036 2043 1073 2098 μ
1103 2060 1111 2076 ”

27 2147 79 2206 tris
97 2147 207 2217 corio,
231 2145 400 2207 securibus
418 2147 491 2218 aiii,
514 2161 567 2206 out
587 2147 779 2208 contionem
801 2147 969 2230 gerebant,

27 2227 54 2286 ni
74 2229 197 2310 gladiis.
239 2231 307 2289 Nee
333 2227 479 2288 eumdem
504 2247 616 2288 omnes
642 2229 747 2288 locum
771 2229 845 2310 fuga
866 2229 970 2312 petie·

27 2325 70 2370 nt.
112 2309 211 2370 Pauci
226 2307 258 2368 in
277 2307 406 2370 deserta
426 2307 620 2369 abdiderunt
639 2329 730 2370 sese:
753 2311 864 2394 piures
889 2310 970 2370 viei-

27 2411 60 2448 tm
78 2391 228 2473 oppidum
247 2389 397 2472 adcepit:
423 2391 578 2462 fuerunt,
602 2392 655 2474 qui
681 2393 712 2451 in
728 2391 905 2474 proximam
922 2391 972 2451 in·

27 2473 85 2532 ihm
102 2471 206 2532 nando
226 2471 429 2550 trajicerent,
454 2471 539 2556 quod
563 2493 599 2533 ea
615 2485 707 2554 parte
729 2487 866 2558 propter
882 2474 973 2534 veto·

29 2567 110 2614 tatem
135 2553 237 2614 amnis
254 2555 385 2614 minime
407 2555 499 2614 multi
525 2554 684 2614 crocoditi
712 2569 813 2616 erant.
844 2558 889 2616 'in
920 2553 971 2614 his

27 2655 84 2695 aces
104 2635 199 2695 etiam
221 2635 354 2696 inerunt
378 2655 415 2696 re
440 2635 512 2696 inae
537 2635 720 2706 candaces,
752 2655 850 2718 qnae,
881 2633 971 2694 virili

27 2717 90 2776 tirno
108 2715 247 2788 mulier,
270 2655 485 2800 Aethiopibus
508 2729 573 2777 turn
592 2716 790 2798 imperabat,
813 2717 915 2777 altero
935 2735 971 2775 o-

27 2797 171 2881 tlocapta.
202 2797 290 2868 Hos,
319 2798 352 2858 in
371 2796 557 2880 potestatem
579 2795 678 2862 ssatim
697 2799 858 2869 redactos,
883 2798 969 2875 (nam

27 2881 106 2940 itibus
117 2893 149 2940 et
182 2879 349 2940 uibusdaan
367 2880 505 2962 navigiis
516 2893 639 2964 partem
659 2893 850 2940 armatorum
867 2892 970 2939 trans-

27 2963 119 3039 cerat)
142 2901 368 3024 Aiaxandriam
387 2960 485 3022 misit.
529 2966 597 3024 Nec
621 2959 757 3022 Pseieha
777 2981 896 3020 moram
921 2958 971 3020 ie·

28 3053 53 3114 t,
82 3057 230 3125 tantaque
246 3041 417 3104 multitudo
443 3043 642 3128 captivorum
664 3043 746 3114 suit,
783 3055 835 3111 ut,
864 3039 972 3100 addita

27 3143 117 3185 mero
136 3123 412 3196 interfectorum,
438 3144 558 3208 paucos
585 3145 624 3186 ex
646 3124 703 3184 itto
727 3120 872 3184 exercitu
898 3141 972 3183 eva·

27 3205 60 3264 iio
79 3203 248 3267 constaret.
290 3203 340 3266 Ab
357 3205 419 3267 hoe
439 3205 578 3288 oppido,
600 3225 664 3288 per
682 3225 797 3277 arenae
816 3205 971 3274 cumulos,

27 3285 44 3344 ti
61 3285 224 3367 Cambysis
242 3287 352 3370 copias
371 3289 574 3360 intexerent,
598 3287 782 3370 proiectus,
806 3285 972 3356 Pramnin,

28 3375 137 3429 unitam
162 3368 227 3428 situ
255 3365 389 3441 urbem,
425 3387 465 3428 ex
489 3370 609 3431 itinere
637 3387 678 3451 op
704 3382 851 3450 ugnatam
875 3367 971 3450 cepit.

27 3447 65 3509 tie
83 3463 216 3532 praeter
232 3445 390 3522 Abuccin,
411 3449 592 3522 Phthurin,
617 3391 789 3520 Canhusin,
813 3451 973 3518 Artenam,

27 3531 149 3604 edisio,
174 3529 230 3592 ubi
253 3529 366 3604 Nilus,
387 3533 527 3592 inaximo
546 3551 616 3593 enan
640 3531 772 3613 fragore
792 3551 827 3592 sa
846 3530 976 3614 praeci-

28 3623 108 3684 taus,
132 3611 274 3680 auditum
293 3611 416 3674 aticoiis
441 3613 573 3676 auferre
591 3612 728 3682 dieitur,
751 3613 873 3694 captis,
896 3629 978 3696 quae

27 3697 256 3768 emorarimue,
290 3693 440 3777 oppidis,
472 3699 590 3779 Napata
611 3705 814 3779 perventum.

50 3819 147 3880 XVtt.
180 3815 283 3900 Regia
311 3817 475 3880 Candaces
496 3817 576 3880 haec
606 3831 696 3880 erat:
729 3815 866 3900 etipsa,
900 3835 977 3912 pro·
1011 3808 1160 3886 inmissa·

992 3891 1075 3944 capta
1096 3877 1148 3926 Aa·

991 3956 1069 4011 puae,
1080 3945 1159 4012 ragita

27 3897 110 3980 inquo
142 3921 179 3962 se
207 3897 334 3962 eaiieilo
362 3915 500 3972 tenens,
537 3901 662 3984 legatos
689 3899 730 3961 de
748 3920 838 4042 pace
871 3911 977 3968 misit,

994 4012 1141 4068 eastun.

27 3981 89 4062 ptis
106 3983 147 4044 ad
168 3983 297 4065 Syenen
319 3981 503 4045 hominibus
518 3979 690 4066 statuisque
709 4001 745 4043 re
773 3981 875 4042 itatis.
911 3983 979 4040 Nec

27 4109 323 4128 ffl—fi—-n

27 4167 93 4240 Cap.
113 4174 178 4230 XV.
205 4171 325 4239 Strabo,
343 4173 364 4228 1.
383 4193 424 4240 17.
440 4187 475 4256 p.
493 4173 555 4256 8²⁰:
584 4173 652 4254 Dio,
670 4179 698 4224 et
717 4171 836 4225 Strabo.
861 4167 936 4224 rtis.
954 4171 980 4238 ⁶,

27 4240 168 4298 ,Str-abo.
206 4243 281 4315 Gap.
299 4245 377 4300 xvt.
403 4243 478 4298 Phe.
510 4243 675 4298 D10.Plan.
696 4240 815 4296 Strabo.
