2688 4698
26 201 269 268 FREINSH.
297 191 658 275 SUPPLEMENTOR.
679 213 842 279 tractu.
857 235 931 283 ere.
979 219 1044 300 778
1076 237 1079 245 '

576 350 1022 372 m

26 410 140 473 :iadis
164 410 342 496 adoeptse,
372 412 546 479 violentius
563 418 793 503 depopulatus,
818 425 953 506 spatium
974 443 1029 486 re·
1059 419 1096 495 ll·
1109 438 1136 478 θ·
1149 422 1212 494 741·

26 494 227 577 rolligendi
248 495 332 556 vires
349 513 412 554 non
436 499 603 578 permisit,
635 504 733 596 quin,
754 503 826 566 aliis
851 507 1028 578 voluntate,
1062 493 1194 548 ΝΗ·

26 579 197 638 ›lus-ibus
213 589 310 646 metu,
332 575 522 660 quibusdam
540 582 609 644 acie
625 583 731 655 neus,
755 587 939 648 uuiversum
955 609 1027 648 eum
1090 653 1093 660 ,

26 657 303 720 ;r·actuura1·mis
324 656 499 740 subigeret.
542 666 641 735 Tanta
661 679 728 726 erat
752 665 886 738 feritas,
921 683 954 732 ut
977 688 1029 730 ea·
1060 655 1215 740 narrant·

26 741 118 822 ptivi
150 753 284 800 catenas
309 741 469 802 morsibus
489 745 695 827 perir-ingere
719 761 931 812 conarentur:
963 727 1196 834 quo''s''⁸¹”'

26 822 148 882 minus
170 820 304 890 mirere,
328 821 480 902 quosdam
500 845 603 908 nuper
620 827 766 896 deditos,
792 830 885 890 simul
901 833 1028 894 occasio

26 901 156 962 brevis
177 901 336 984 adparuit,
360 921 445 962 arma
461 909 651 969 retraetalie.
697 911 845 970 Ceterum
865 913 960 973 ethis
978 914 1028 974 in·

26 981 119 1043 felix
140 1003 274 1055 ausum,
299 982 414 1046 iterum
434 984 585 1058 domitis,
610 991 641 1049 in
663 988 841 1052 adstrictius
862 995 1028 1055 seruitium

26 1066 145 1129 cellit.
192 1063 375 1126 Pisontob
403 1087 472 1127 rem
498 1068 581 1130 bene
608 1069 722 1153 gellam
745 1071 1028 1154 supplicationum

26 1145 296 1229 triumphalibus
318 1145 467 1228 insigniis
487 1149 628 1214 decreta.

95 1233 156 1290 ltt.
188 1230 273 1288 Dum
294 1227 373 1288 haee
393 1243 551 1311 aguntur,
574 1231 748 1316 Augustus,
787 1237 907 1297 Romae
929 1259 1028 1301 censu

28 1331 161 1372 rursus
180 1325 272 1380 acto,
296 1329 369 1370 suas
387 1329 516 1393 quoque
530 1313 709 1384 facultates,
733 1315 922 1399 descriptis,
946 1341 1027 1404 quae

29 1413 179 1476 usquam
196 1392 331 1452 haberet
345 1391 377 1450 in
395 1391 563 1472 potestate,
583 1393 622 1456 ad
638 1399 755 1479 privati
768 1398 893 1460 modum
913 1403 1027 1464 censui

30 1473 195 1552 subjecit.
240 1473 358 1558 Senatu
379 1470 496 1535 deinde
513 1477 617 1544 lecto,
640 1477 678 1538 ad
696 1479 858 1542 levandum
875 1483 1025 1544 Patribus

32 1555 242 1624 molestiam,
266 1574 362 1636 quum
380 1559 687 1620 sanatusconsultum
710 1557 801 1632 fieri,
824 1563 950 1644 quotics
966 1567 1026 1624 mi-

33 1657 100 1700 nus
121 1635 367 1721 quadringentis
387 1633 575 1708 adfuillent,
606 1661 667 1700 non
687 1640 820 1718 liceret3
853 1641 893 1702 ita
915 1640 1026 1710 mode.

34 1736 129 1783 ratus
149 1721 213 1795 est,
244 1737 278 1785 ut
296 1727 467 1798 Septembri
486 1749 522 1788 oc
543 1729 667 1790 Octobri
683 1733 836 1791 mensibus
853 1735 953 1795 nullos
970 1737 1025 1796 ed-

33 1819 105 1859 esse
125 1824 279 1866 necessum
295 1819 381 1874 esset,
401 1819 522 1880 praeter
536 1821 616 1868 sorte
630 1814 744 1874 fluctos,
763 1833 955 1886 perparorum
970 1835 1025 1881 ntt·

34 1891 176 1938 merum,
197 1881 320 1954 antiquo
338 1881 504 1946 minorem,
525 1879 644 1938 decretu
660 1881 772 1946 carifici
789 1895 923 1954 possent.

102 1946 160 2008 lV'.
198 1949 369 2010 Pecuniam
390 1962 508 2018 autem,
541 1949 721 2010 iterumad
751 1947 861 2012 llatuas
887 1955 1023 2016 oblatam

39 2045 57 2083 a
73 2031 393 2126 senatupopuloque,
414 2029 446 2089 in
460 2030 548 2114 signa
560 2030 706 2114 publicae
720 2031 869 2094 Sanitatis
883 2037 1023 2097 Concor·
1054 1996 1193 2080 ΜΨ*

39 2105 183 2191 diaeque
193 2131 229 2173 ac
239 2113 333 2176 Pacis
345 2111 522 2194 impendit3
542 2131 627 2172 suam
643 2111 757 2173 exinde
772 2109 893 2174 statuam
906 2117 1022 2178 nullam
1036 2081 1196 2200 idme:

38 2187 135 2250 fecit.
159 2193 218 2253 Sae
243 2215 261 2254 e
273 2193 369 2264 enim,
381 2206 412 2253 et
425 2191 566 2276 qualibet
577 2195 746 2256 occasione
760 2193 842 2276 dona'
851 2197 924 2258 talia
934 2197 1022 2260 adse·
1034 2217 1100 2254 suas
1116 2204 1192 2256 etta.

38 2272 176 2335 rebant:
199 2215 240 2334 ad
252 2290 428 2337 extremum
445 2275 538 2336 etiam
549 2274 700 2337 Halcndis
712 2277 887 2350 Januariis,
912 2280 1020 2340 nonin
1035 2281 1098 2351 'ins
1111 2272 1208 2338 inoffi.

36 2371 209 2418 commune
220 2357 438 2428 conferentes,
451 2353 507 2420 sed
519 2355 710 2420 adcedentes
724 2359 916 2442 singulique
927 2361 1021 2422 modo
1033 2355 1090 2406 μ’
1098 2339 1207 2393 me'

38 2433 225 2500 facultatum
244 2437 465 2524 porrigebant.
501 2437 618 2524 quibus
635 2441 706 2582 ipse
725 2443 936 2514 tantumdem,
970 2457 1023 2504 aut
1035 2407 1167 2478 '‘Fufi'‘

40 2517 204 2600 aliquanto
226 2523 381 2604 amplius,
414 2519 553 2582 reddere
579 2521 648 2582 sole
673 2535 712 2581 at.
768 2520 863 2613 Quod
886 2524 914 2583 si
935 2521 1021 2585 forte

42 2598 162 2662 abellet
184 2624 222 2668 eo
244 2618 411 2686 tempore,
449 2599 549 2674 ilrena
576 2602 608 2662 in
637 2601 797 2684 Capitolio
823 2604 1021 2685 ponebatur}

44 2701 108 2761 qua
125 2701 161 2742 ex
176 2705 292 2746 summa
332 2683 535 2746 retiosislima
550 2683 693 2744 Deorum
715 2683 882 2748 simulacra
899 2702 1021 2746 merca.

44 2773 120 2827 tus.
149 2766 274 2828 vicatim
300 2705 486 2836 dedicabats
516 2779 550 2825 ut
566 2763 748 2846 Apollinem
769 2755 1018 2838 sandaliarium,

46 2846 200 2906 ettonem
218 2848 433 2931 Trogoedum,
459 2846 593 2928 alisque.
633 2845 698 2907 Sed
715 2867 754 2906 ex
774 2859 932 2907 nocturno
948 2847 1022 2909 visu
1056 2851 1058 2854 ’

45 2921 155 3004 stipem
173 2930 339 3010 quotannis
358 2927 410 2990 die
428 2941 516 2988 certo
535 2926 756 2988 emendicabat
772 2949 788 2987 a
807 2929 947 3011 populo,
968 2948 1021 2990 ca·

47 3024 121 3066 ram
140 3029 258 3070 manum
278 3012 357 3074 alles
375 3007 620 3094 porrigentibus
638 3009 809 3090 praebens.

111 3090 148 3152 V.
180 3090 264 3152 idem
285 3113 384 3154 annus
408 3091 539 3151 duarum
561 3089 742 3173 principum
764 3089 953 3152 feminarum
976 3091 1021 3152 al-

47 3170 147 3236 terius
163 3174 303 3255 nuptias,
335 3173 468 3236 alterius
490 3170 658 3254 exsequias
677 3170 768 3231 vidit.
811 3171 895 3233 Julia
912 3172 944 3230 in
963 3172 1021 3232 Ti·
1051 3177 1134 3244 autu
1153 3178 1197 3240 rt.

50 3253 133 3313 berii
146 3253 266 3316 domum
283 3254 418 3316 deducta
434 3251 486 3314 cll.
530 3251 677 3324 Octavia,
700 3249 768 3334 poll
784 3252 931 3313 Marcelli
950 3253 1019 3314 obi·
1032 3248 1204 3330 ,lm't’fufflt

53 3347 118 3393 tum
142 3357 301 3420 numquam
330 3337 522 3402 exhilarata.
554 3347 743 3416 perpetuum
770 3334 889 3396 luctum
915 3315 1204 3397 morte⁰⁶‘'''‘⁶’”⁶’

54 3415 161 3480 linivit.
191 3418 277 3496 cujus
297 3417 338 3480 de
363 3417 517 3516 pudicitia
544 3413 758 3496 modestiaque
786 3413 951 3496 prioribus
979 3395 1115 3478 ti-'⁸'¹''
1177 3481 1178 3486 ,

55 3499 120 3560 bris
136 3501 222 3562 multa
242 3520 387 3578 exposui.
422 3497 524 3575 Huius
544 3496 681 3557 cadaver
697 3515 762 3577 pro,
775 3495 854 3558 sede
872 3497 1019 3562 Caesaris

56 3581 239 3662 propositum
257 3579 319 3652 ell,
349 3581 422 3642 dum
444 3579 555 3640 laudes
575 3577 699 3640 sororis
718 3575 893 3660 Augustus,
917 3578 1019 3640 inter-

54 3663 153 3744 posito
168 3663 278 3726 iterum
295 3663 380 3733 velo,
403 3663 601 3747 exsequitur.
633 3657 701 3721 Sed
718 3671 751 3721 et
765 3679 782 3720 a
794 3659 903 3720 Druso
918 3659 1016 3738 (non.

90 3883 376 3955 (lep.11.Flor.Dio.
393 3885 462 3940 Tse.
479 3883 553 3938 sna.
567 3884 600 3950 ⁶,
618 3901 660 3941 ro.
694 3881 767 3952 Cap.
786 3879 838 3934 111.
858 3879 926 3936 Dio.
946 3879 1017 3934 Sue·

59 3967 116 4011 ton.
128 3955 190 4028 lug.
205 3957 249 4012 85.
284 3955 355 4026 Gap.
370 3955 421 4007 IV.
440 3951 508 4007 Dio.
524 3953 645 4009 Sueten.
659 3949 734 4022 Aug.
744 3951 788 4006 ba.
804 3947 872 4003 Dio.
892 3949 1015 4010 Sueten,

58 4027 123 4096 arag.
139 4027 174 4093 aa.
199 4023 273 4088 Dio,
300 4033 329 4078 et
348 4023 470 4080 Sueten.
495 4021 569 4094 Aug.
585 4040 629 4090 qs.
666 4021 742 4092 Cap.
757 4021 796 4075 V.
823 4015 893 4073 Dio.
911 4018 1017 4078 Senes.

55 4093 162 4152 consol.
177 4089 209 4146 td
226 4091 323 4151 una
339 4096 410 4150 etr.
428 4091 491 4150 biv·
511 4089 588 4168 Epit·
607 4089 676 4148 uto.
