2596 4686
336 295 394 372 cisi)
414 241 1285 362 FREINSH.SUPPLEMENTOIIUMho.1.xxv1n

117 498 119 509 ’
160 497 468 625 {22:7⁰5X11.
489 503 572 589 ¹Quis
582 502 703 566 acerbior
720 505 771 566 tibi
786 504 882 586 bostis,
908 525 988 588 quum
1000 505 1174 592 Dejosotus,
1194 507 1285 583 eusicii

194 608 200 620 ·
248 573 317 694 bs·
334 592 402 671 qui,
432 609 485 648 non
502 605 645 646 contentus
664 590 791 662 mittere,
819 608 936 670 quatuos
953 592 1061 650 omnino
1077 590 1185 670 potuit,
1212 593 1285 666 copiosi

164 641 288 766 22¹:ss
300 660 324 694 ‘⁶
337 669 392 752 ipse
409 671 446 730 ad
462 667 561 730 beilum
577 667 716 750 profectus
736 669 773 747 esI
791 670 838 732 bac
855 689 961 746 aetate,
990 671 1067 752 cajus
1087 668 1262 752 excusetione,

144 726 165 781 I
273 745 299 820 ,’
334 773 388 814 rsoss
404 771 455 810 rest
474 769 501 810 et
516 753 619 829 amisus
637 769 665 810 et
682 750 773 832 hospes
789 751 929 834 Pompcy'i,
953 752 1005 836 sed
1022 750 1154 821 libertas,
1184 771 1229 810 auc
1247 771 1269 810 os

226 861 228 866 ¹
335 837 370 896 de
384 853 466 918 grege
481 830 599 892 miiitum
608 830 726 913 fnisset,
748 837 791 894 uti
807 831 942 916 posutffet.
984 834 1039 895 Sed
1058 851 1148 893 tamen
1166 833 1246 906 busto,

327 917 452 1003 solum
476 913 523 976 boc
547 912 662 986 delicto,
695 917 726 974 in
750 933 892 976 sumerum
918 919 1064 976 onsimrum
1088 913 1217 998 recepisti.
1255 914 1285 982 Ni

334 1019 384 1060 aut
418 994 591 1077 reprehendit
624 995 675 1074 asta
703 996 873 1070 Pbornaces,
911 1017 961 1059 our
990 997 1131 1076 Deiotaro
1158 994 1271 1078 seiicieoe

329 1079 410 1166 suom
433 1076 549 1138 invidet.
596 1076 650 1138 Tui
678 1097 705 1138 te
730 1079 861 1160 eutropii,
894 1083 936 1140 rui
961 1082 1046 1140 mosis
1069 1080 1212 1150 umorue,
1241 1097 1280 1136 oso

335 1183 406 1245 que,
435 1177 468 1219 ut
484 1179 514 1218 eo
534 1153 658 1238 issstituto
676 1163 719 1220 nsi
736 1178 852 1242 pergas,
881 1181 933 1242 quo
947 1159 1022 1224 baud
1035 1165 1183 1243 pauciores.
1195 1159 1269 1218 adver

337 1247 414 1316 rios,
443 1259 540 1322 quam,
588 1239 665 1302 uibus
682 1245 801 1303 inuictus
816 1265 862 1316 es,
889 1246 993 1316 armis,
1009 1239 1159 1325 superasti.
1198 1239 1272 1324 Quod
1282 1259 1285 1320 s

335 1343 450 1407 propter
463 1261 625 1402 connisum
638 1343 697 1384 cum
711 1324 834 1386 Domitio
847 1343 981 1386 certamen
996 1323 1167 1407 irascendum
1181 1341 1264 1403 putas,
1284 1321 1285 1330 ’

329 1405 435 1490 saitem.
445 1407 517 1486 regis
524 1403 739 1486 satisfactionem
752 1409 849 1488 accipe.
869 1425 919 1466 out
929 1404 1044 1479 docebit,
1060 1406 1147 1466 bacco
1156 1335 1285 1482 revindicab

334 1509 388 1549 non
397 1503 522 1568 oportere
527 1509 537 1558 ,-
552 1505 611 1558 out,
641 1485 757 1567 uidquid
767 1489 954 1568 imperaveris,
966 1487 1056 1556 saciet.
1078 1485 1127 1548 boc
1136 1485 1285 1566 uuumdtpn*

334 1589 432 1640 catur,
455 1588 488 1626 ne
500 1565 588 1647 besbiii
602 1507 721 1628 adventu
734 1568 772 1626 ad
779 1567 911 1650 sumniam
919 1558 1178 1652 se’desperamorsem
1195 1567 1285 1662 adigup

260 1661 264 1672 ⁹
374 1659 479 1733 xXIII.
509 1667 665 1746 Dejotarus
682 1671 816 1748 ceterique
831 1663 1034 1745 finitimorum,
1064 1669 1185 1726 amicitia
1203 1665 1285 1744 Pomps

155 1755 320 1824 cnsueeout·
327 1749 413 1834 fieti,
437 1746 559 1828 lacessere
572 1769 626 1808 non
639 1745 786 1830 desieram,
808 1750 892 1810 donec
907 1768 995 1831 regern
1007 1749 1046 1810 ad
1058 1769 1088 1810 eo
1101 1751 1285 1842 armotogestsp

144 1839 194 1878 Ν*
206 1825 236 1874 ¹⁸
250 1821 321 1874 ‘Im
334 1831 430 1914 quibus
444 1847 475 1893 et·
486 1828 606 1911 ipfirum
619 1834 808 1908 comprimeret¹
818 1832 979 1904 audaciam,
1001 1850 1029 1892 et
1043 1829 1114 1892 bello
1128 1831 1217 1908 oicpor
1230 1847 1279 1908 pne

145 1892 321 1959 ''mm'‘
333 1933 382 1976 noe
397 1911 557 1997 hereditatis
570 1930 677 1992 portem
691 1929 875 1994 recuperarat.
907 1912 965 1987 Et,
987 1931 1148 1994 quamquam
1165 1909 1268 1994 difficile

117 2009 119 2018 ’
332 1999 361 2056 in
375 1994 456 2068 bello,
478 1989 637 2074 praesertim
644 1991 775 2072 felicibus
788 1997 885 2066 armis,
908 2013 999 2054 tersere
1013 1995 1132 2066 modum,
1157 2014 1240 2074 neque
1251 1989 1285 2082 cois

330 2099 363 2141 re
382 2079 511 2138 victoriae
540 2093 610 2156 uprn
623 2075 695 2155 fisus
702 2075 784 2154 juris
801 2075 899 2156 esirri
908 2117 917 2148 ‚
939 2096 970 2134 eo
986 2095 1076 2138 menen
1093 2075 1220 2154 nodesiio
1230 2072 1285 2168 Pius

330 2164 403 2220 esocis
417 2157 480 2241 sicit
498 2179 512 2215 e
535 2177 604 2237 qne,
633 2176 666 2218 sn
682 2177 764 2238 tuque
780 2157 881 2240 plura,
930 2177 991 2216 uam
1004 2174 1131 2240 appetere
1147 2157 1254 2228 debuit,

209 2271 212 2274 ·
330 2237 454 2319 orectosse
472 2254 579 2324 putes,
594 2259 620 2299 tt
646 2237 728 2316 bujus
751 2236 832 2322 ipsius
855 2177 955 2319 causae
968 2240 1109 2320 judicium
1131 2235 1184 2298 tibi
1202 2238 1273 2320 siser

332 2321 394 2385 Nec
405 2321 471 2402 satie
490 2319 572 2380 uliam
590 2321 623 2382 ob
641 2317 755 2398 confflem
771 2342 830 2382 cum
844 2321 970 2380 Domitio
989 2321 1147 2381 dimicatum
1167 2314 1223 2400 est‘,
1244 2343 1259 2400 q

212 2413 218 2422 “
350 2403 403 2462 uod
419 2401 467 2464 iiie
486 2421 542 2461 rem
560 2404 696 2486 integrato
713 2403 750 2463 od
767 2423 842 2463 tuam
857 2407 1033 2486 cognitionem
1050 2399 1285 2496 relinqueremini

329 2423 503 2556 I’bornaces,
531 2501 643 2566 praeter
664 2502 709 2556 te,
740 2501 897 2565 quemquam
916 2484 1054 2544 arbitrum
1072 2491 1132 2564 poci
1151 2505 1206 2544 non
1222 2501 1285 2566 potus

330 2565 394 2628 Hoc
409 2570 517 2647 potius,
539 2585 619 2646 quom
636 2585 775 2627 armorum
787 2561 907 2644 fiducia,
929 2563 993 2626 licet
1008 2569 1157 2650 egregium,
1180 2585 1207 2627 et
1222 2563 1285 2656 duobs

330 2666 412 2729 atque
430 2651 458 2708 vi
477 2650 530 2706 isstt'
544 2645 657 2728 proeliis
675 2665 840 2730 expertum,
857 2649 1042 2730 'omnibusque
1067 2651 1200 2708 victorem
1220 2661 1285 2738 esterp

330 2748 390 2792 tum
410 2669 520 2800 trabat,
542 2734 651 2810 quietus
668 2731 698 2788 iu
714 2730 808 2810 rosiris
827 2729 863 2788 od
878 2727 984 2789 Zieiom
999 2727 1137 2812 exspectat
1155 2729 1285 2826 responsis

330 2811 404 2890 quod
420 2831 436 2868 o
453 2829 479 2870 ce
496 2808 666 2872 moderatum
682 2817 847 2892 amicumque
865 2811 987 2894 referri,
1009 2831 1068 2872 tuns
1086 2827 1233 2892 perpetuae
1246 2827 1285 2880 mu

326 2890 483 2974 ficetudinis
497 2909 577 2964 tuce,
601 2911 659 2953 tum
677 2897 759 2954 etiam
777 2895 818 2952 rei
833 2893 980 2968 Romanae,
999 2891 1139 2976 praesenti
1150 2881 1285 2986 quidemsb

333 2993 365 3034 tu
382 2993 493 3046 rerum,
511 2973 636 3055 interest.
678 3045 680 3052 ,
751 2977 764 3052 j

394 3071 482 3132 XIV.
513 3072 633 3134 Caesar
650 3069 689 3134 ad
706 3070 805 3147 hoec,
835 3073 999 3159 reportari
1020 3069 1059 3134 ab
1078 3091 1192 3155 regem
1211 3071 1285 3151 iubes

171 3181 302 3240 cmm,
334 3172 513 3225 coronam,
527 3167 595 3214 tum
616 3175 651 3218 oe
673 3153 771 3228 dono,
795 3170 953 3252 nmquam
975 3154 1014 3216 ab
1035 3154 1158 3224 amico,
1189 3173 1285 3237 rospos

144 3268 310 3324 responsum.
335 3234 384 3297 dit
402 3249 626 3320 accepturum,
659 3258 755 3320 quum
780 3237 929 3322 promcsso
952 3231 1168 3320 praestitiffet.
1211 3235 1285 3316 Frusis

264 3314 269 3326 '
333 3317 439 3457 eutoso
456 3323 602 3378 oestoitcse
621 3342 670 3392 eo,
699 3319 772 3402 quod
791 3325 905 3382 amicum
925 3317 1079 3402 desinisset
1100 3322 1129 3377 in
1151 3321 1285 3400 discrimini

331 3399 398 3460 auxi
411 3401 517 3480 intraque
536 3422 590 3462 non
610 3397 715 3485 misisset
732 3399 871 3482 Pompejo.
911 3421 994 3482 neque
1014 3397 1124 3482 Caesari
1148 3421 1206 3458 rem
1231 3399 1285 3460 iiio

326 3481 379 3566 sed
397 3479 464 3564 ipsi,
486 3481 631 3566 profuisse,
658 3505 690 3544 ne
708 3481 799 3543 eodem
812 3487 942 3545 victoriae
960 3487 1062 3575 impetos
1078 3501 1137 3540 mm
1150 3487 1255 3552 ceteris,

332 3569 363 3626 in
395 3563 515 3644 roestdit's
530 3565 651 3646 Pompeji
658 3562 787 3646 finffenr,
810 3563 1025 3647 profligaretur:
1047 3583 1084 3636 er,
1108 3581 1140 3622 ut
1157 3568 1285 3626 mouisse,

333 3579 407 3723 cisbt
423 3649 453 3709 in
463 3645 540 3726 suom
556 3651 684 3725 gratiam,
706 3667 760 3708 non
777 3645 837 3706 ideo
847 3645 878 3728 se
893 3649 1011 3728 privatis
1027 3647 1132 3704 neritis
1145 3643 1283 3725 publicati

324 3727 423 3810 jurias
437 3727 597 3790 condonare.
643 3727 761 3801 Tamen,
784 3731 846 3810 quio
861 3749 944 3810 rsoqsse
959 3727 1074 3786 mortuis
1088 3729 1158 3800 viro,
1182 3747 1260 3806 neque
1275 3739 1285 3808 p

334 3806 429 3870 riiitos
447 3804 557 3891 exsectis
574 3805 679 3889 restitui
694 3806 788 3890 possit,
811 3811 883 3894 qood
895 3805 983 3892 pofflt,
1005 3813 1159 3886 imperare:
1181 3815 1223 3869 uti
1235 3811 1285 3886 Posi

335 3889 471 3972 tosssesiim
488 3889 609 3966 decedas,
623 3891 749 3976 familias
764 3893 971 3970 publicanorum¹
980 3893 1114 3963 remittor,
1137 3909 1235 3965 cetero,
1255 3911 1285 3970 qu

333 3990 415 4055 penes
432 3993 490 4032 enen
508 3969 606 4052 esent,
626 3973 707 4056 seniis
724 3974 876 4056 civibusque
887 3971 1018 4034 Romanis
1035 3969 1173 4048 restituat.
1284 4041 1285 4068 1

338 4128 866 4270 ἐθρῇἕῐᾞξὲεᾏξϋὲιῗξῖοὲὴξ.
882 4131 910 4188 ³.
931 4127 1019 4204 θαι).
1038 4129 1117 4187 xm.
1137 4129 1214 4186 nin.
1250 4127 1285 4184 Cn

409 4235 418 4253 .
498 4233 508 4268 ‚
592 4233 600 4251 ·
652 4235 660 4253 .
757 4238 766 4257 .
854 4236 864 4256 .
