2618 4686
197 311 241 376 tn
261 309 413 376 notun
438 311 520 398 ere.
544 311 610 376 cx.
633 311 748 379 mvn.
933 297 990 378 as

34 537 162 586 neniarum
179 521 387 588 multitudine
405 539 438 588 et
455 525 521 589 loci
537 540 651 588 natura
669 546 707 588 ac
722 525 902 588 munitione
918 524 972 588 ad·
1005 522 1039 578 U·
1051 523 1152 592 ΝΜ·

33 607 83 688 jati,
99 620 319 700 perruperant,
342 629 381 670 ea
400 601 618 674 machinarum
640 610 813 680 violentia,
841 623 876 676 ut
895 609 973 672 ass'e-
1002 593 1083 652 Μ·
1097 603 1143 666 4⁹·

34 712 66 752 res
79 688 174 784 pedum
186 686 378 766 duodecim,
402 693 524 754 ferreis
543 691 680 777 praefixi
700 691 902 776 cuspidibus,
924 691 974 754 in.

35 773 137 858 guribus
157 768 291 833 ballistis
313 793 374 856 per
397 789 537 858 quatuor
558 775 692 838 ordines
716 775 852 838 cratium
870 789 975 838 trans-

38 855 106 916 atliin
121 866 233 914 terram
253 853 477 936 penetrarent:
520 859 651 922 Interim
668 859 707 918 L.
723 855 893 930 Nasidius,
916 859 975 918 im·

38 937 145 1020 perdente
164 935 329 1011 Curione,
382 961 420 1002 er
437 941 582 1004 Siculum
605 939 725 1001 fretum
747 959 817 1002 cum
838 940 976 1004 navibus

36 1018 211 1102 septemdecim
224 1018 267 1078 ad
277 963 521 1086 Malliiiensium
534 1021 693 1085 castellum
704 1026 887 1084 'I'aurot'e'nta
898 1043 976 1107 per·
1088 1065 1090 1068 .

35 1103 101 1162 erait:
119 1115 289 1186 auctorque
304 1103 369 1168 fuit
383 1105 525 1178 civitati,
549 1119 584 1167 ut
600 1101 707 1167 denno
722 1105 901 1166 maritimae
938 1127 975 1165 n·
1095 1113 1102 1124 '

33 1205 80 1264 pne
90 1184 233 1246 fortunam
245 1197 400 1249 tentaret.
429 1188 472 1248 At
482 1191 616 1260 Brutus,
639 1187 679 1248 ad
693 1189 838 1270 priorem
848 1185 895 1268 ela
923 1208 975 1249 em

33 1265 108 1326 alitis
128 1264 280 1337 naribns‘,
318 1289 397 1352 quas
418 1253 460 1332 de
478 1269 730 1332 Massiliensibua
751 1290 857 1354 nuper
876 1290 974 1354 cepe·

32 1363 75 1416 rat,
93 1349 192 1408 iterum
215 1368 279 1420 eos
303 1349 513 1444 profligavit,
544 1351 680 1414 navibus
700 1350 861 1414 demersis
879 1353 974 1436 quin·
1019 1359 1023 1368 ‘

32 1451 78 1512 que.
93 1444 211 1514 quatuor
231 1445 348 1514 captes.
379 1456 442 1494 una
462 1453 535 1496 cum
551 1433 736 1498 Nasidianis
756 1435 891 1496 naribus
907 1434 973 1496 dis-

32 1514 101 1580 teffit,
117 1533 199 1596 qnae,
220 1514 280 1574 vix
298 1529 418 1598 coepto
436 1515 624 1588 certamine,
646 1515 869 1600 profugerant.
906 1521 989 1579 Nee⁴

31 1609 98 1654 tenen
111 1615 144 1655 eo
159 1595 269 1656 secius
286 1596 320 1656 in
335 1596 539 1662 defensionis
552 1610 706 1694 suscepto
718 1599 889 1684 proposito
901 1619 977 1683 per·
996 1611 999 1624 ·

33 1692 162 1737 reveratum
180 1676 268 1740 suits
295 1686 487 1766 quamquam
502 1681 635 1744 Caesari
654 1701 716 1763 pam
730 1680 906 1766 Hispanias
925 1700 979 1742 aa·

33 1759 111 1819 callide
129 1758 202 1820 faena
223 1761 358 1823 tulerat.
864 1781 871 1794 '
968 1776 972 1788 '

72 1867 186 1928 xlxix.
215 1870 547 1954 Ingentiadeinceps
570 1893 672 1956 opera
688 1857 853 1934 ¹'Preb‘onii
875 1884 908 1933 et
929 1869 977 1932 in·
1004 1865 1126 1950 Εθψί

35 1966 96 2008 tersa
110 1949 140 2010 ab
156 1947 321 2024 hostibus,
353 1968 384 2014 et
406 1975 421 2014 a
439 1953 606 2016 'l'rebonio
627 1949 752 2018 resecta
773 1966 866 2014 sunt:
898 1975 978 2036 quo·
992 1947 1115 2028 ΜΨ(

36 2051 78 2088 iun
95 2031 229 2094 adnotare
253 2034 415 2108 rationem
438 2035 522 2098 nibil
543 2038 676 2110 attinet,
713 2056 809 2120 quum
830 2035 980 2096 Caesaris

36 2115 204 2174 tennentarii
227 2115 357 2190 vivant,
391 2117 508 2201 quibus
529 2132 594 2180 tota
617 2117 672 2180 ilia
692 2117 824 2180 obsidio
841 2117 982 2177 inimita-

37 2191 70 2250 bili
86 2192 178 2256 nuiiris
198 2197 407 2280 temporibus
430 2197 590 2282 elegantia
609 2197 819 2262 describitur.
862 2195 914 2257 Ad
932 2197 982 2258 ul·
1093 2247 1096 2255 .

37 2274 106 2334 linum
121 2277 261 2339 omnibus
283 2279 452 2364 defatigati
468 2281 579 2352 malis,
608 2303 698 2352 nam,
721 2279 761 2342 ad
778 2277 982 2344 incommoda

35 2351 95 2429 lelli,
112 2360 222 2420 erictu
244 2362 335 2423 tenui
357 2375 388 2423 et
406 2377 563 2446 corrupto
577 2361 722 2442 (hordeo
740 2374 772 2424 et
789 2360 906 2447 panico
923 2381 980 2424 ve-

36 2451 77 2497 tere
91 2441 259 2523 alebantur)
279 2441 482 2528 pestilentiae
502 2445 619 2506 malum
639 2444 831 2518 acesfferat,
863 2445 980 2506 Caesa·

36 2518 60 2576 ris
72 2519 131 2582 idei
147 2543 180 2584 se
219 2525 430 2590 ermisernnt.
471 2527 593 2592 Fuerat
609 2527 651 2588 iis
670 2528 806 2596 Caesar,
827 2543 889 2586 nec
908 2525 980 2587 sine

34 2602 107 2674 teriia,
124 2604 191 2668 irati
219 2629 316 2670 emus.
340 2608 454 2690 igitur,
475 2623 609 2692 praeter
622 2609 719 2672 vitam
736 2621 770 2670 et
784 2605 980 2681 libertatem,

32 2681 182 2749 nihilferme
198 2689 337 2773 reliquit
350 2689 458 2752 victis.
487 2708 592 2762 arma,
615 2710 726 2764 naves,
749 2689 907 2774 pecuniae
921 2685 982 2749 ila.

33 2763 76 2836 lin,
91 2782 183 2830 cetera
198 2791 276 2832 mox
290 2771 442 2856 'adempta
461 2785 547 2834 sunt.
579 2769 694 2835 Postea
714 2785 820 2835 tamen
839 2769 979 2833 subinde

32 2849 119 2911 tenuit
134 2852 252 2936 aliquid
272 2853 361 2928 irae,
382 2853 506 2914 nomini
524 2873 663 2938 parcens
683 2868 725 2922 et,
733 2850 882 2918 vetustati
898 2853 981 2914 civi-

33 2929 87 2988 tatis.
120 2933 180 2996 Sed
202 2935 317 3018 paueis
341 2949 416 2997 ante
439 2935 574 3012 diebus,
608 2954 701 3022 quam
729 2935 765 2996 in
791 2931 981 3019 potestatem

34 3009 139 3076 caesana
159 3017 295 3078 Maffilia
321 3017 539 3094 concederet,
570 3020 608 3081 L.
630 3009 796 3082 Domitius
821 3037 894 3080 cum
918 3037 981 3080 una

33 3110 86 3154 nare
102 3097 294 3184 profugerat.

71 3215 122 3276 tn.
147 3221 206 3282 His
225 3223 326 3286 rebus
343 3225 388 3288 ita
407 3223 523 3308 gellis,
552 3227 690 3300 Caesar,
707 3221 902 3310 ¹praemiiiis
921 3222 980 3285 ali·
1010 3223 1141 3280 dictam

34 3311 86 3375 quet
98 3299 270 3383 legionibus
287 3306 319 3366 in
333 3309 467 3380 Italiam,
488 3305 657 3392 proficisci
674 3305 714 3369 ad
728 3305 843 3366 urbem
857 3301 978 3375 statuit:
992 3293 1106 3352 ΜΨ·

36 3377 93 3454 qnod
110 3402 140 3443 se
158 3383 346 3448 dictatorem
370 3391 435 3466 effe
459 3389 582 3452 dictum
601 3389 752 3453 Narbone
770 3399 981 3470 cognoverat.

35 3457 88 3518 llen
105 3476 208 3528 antam
227 3482 412 3552 temporum
433 3471 543 3554 potius
564 3471 717 3544 licentia,
747 3489 842 3552 quam
860 3466 933 3548 jure
948 3483 983 3532 et
1018 3487 1021 3492 '

36 3547 277 3628 antemnarum,
309 3555 353 3614 Μ.
369 3555 529 3616 Aemilius
549 3552 694 3636 Lepidus
716 3563 850 3635 praetor
870 3549 1001 3634 perse·-=

36 3637 106 3714 ”ftis
123 3629 147 3690 is
162 3633 216 3714 qui
230 3629 340 3728 postea
358 3653 429 3696 cum
445 3636 588 3698 Antonio
605 3650 638 3697 et
648 3633 828 3697 Octaviano
840 3633 981 3696 Caesare

37 3707 224 3796 iniuriarum
238 3716 368 3782 invasit.
411 3715 491 3798 Falso
510 3719 585 3779 credi
601 3716 757 3798 jactabat,
779 3711 832 3795 ’¹3'ss
845 3717 866 3772 α’
877 3711 982 3796 coresule

38 3787 152 3852 lateranen
169 3795 221 3856 diei
242 3818 296 3858 eron
316 3797 399 3880 peffe:
432 3819 494 3860 eram
512 3819 540 3860 er
558 3799 622 3858 olim
642 3797 786 3858 atribuere
807 3793 925 3856 militum
942 3798 979 3858 A.

39 3865 129 3931 sliloelit
140 3875 308 3940 Mamercum
318 3881 464 3960 Aemilium
480 3881 584 3943 dictum
598 3879 649 3964 effe
664 3879 707 3941 de·
709 3877 848 3962 [nitentia
862 3877 980 3960 collegii,

43 4077 265 4198 ppexmvrn.
286 4090 356 4144 uto.
393 4089 604 4172 caperem
623 4072 749 4156 eterra,
766 4105 792 4144 a.
813 4084 978 4210 egnesham
1052 4049 1054 4054 ’

44 4151 900 4300 ltzdsrltnraearacarrenses,
914 4173 978 4282 ef·
