2588 4688
330 353 389 436 108
417 349 620 419 neeman.
636 343 1270 413 SUPPLEttEttwttotrnm.1.xxx.

325 485 783 518 W

149 559 228 614 ihc.
243 563 306 632 706.
327 560 461 623 Pothini
489 556 626 643 spectati
652 557 769 618 exitus.
817 557 923 638 Hujus
950 555 1109 642 triumphi
1137 553 1294 638 adparatu.

155 631 236 683 Ml·
252 635 296 694 4⁶·
329 634 403 696 lieri
425 634 555 714 juiierat
575 657 593 698 e
611 633 781 696 testudine.
810 637 859 696 ain
886 638 1012 700 ulorum
1034 640 1122 701 enirn
1141 630 1289 718 triumphi

328 736 399 775 runt
419 716 545 778 fercula
571 731 604 779 et
627 715 832 779 instrumenta
855 657 985 780 riirersa
1011 717 1181 779 emeteria
1198 717 1289 799 parari

326 797 367 856 ad
384 793 628 860 ostentationem
645 794 922 878 magnificentiae,
945 813 980 859 et
994 797 1193 879 voluptatem
1212 795 1284 856 ocul

325 897 417 949 rum,
438 878 544 939 visunt
559 875 713 938 illustrius
728 877 845 940 iuerat.
882 879 948 941 Sed
964 880 1106 940 Arsinoii
1170 875 1289 938 iltn'um

325 957 443 1042 phum,
467 959 501 1020 in
520 958 656 1042 gratiam
674 957 786 1020 fratria
805 963 1015 1046 sororisque,
1038 959 1117 1020 dimi
1146 980 1162 1018 a
1179 957 1231 1030 att.

147 1082 314 1153 Trlurrpiur
388 1080 473 1142 xvt.
498 1079 631 1142 Tertius
652 1078 693 1140 de
710 1079 878 1143 Pharnace
895 1101 1010 1144 currus
1020 1083 1195 1144 Ponticum
1209 1084 1290 1144 triun

136 1151 312 1210 llfflmt‘·
326 1159 425 1244 phum
443 1163 578 1244 invexit.
602 1163 688 1224 inter
705 1161 775 1238 ejus
792 1183 929 1250 pompae
945 1163 1068 1226 fercula
1085 1165 1185 1230 trium
1203 1164 1290 1226 verbo

325 1263 397 1303 rum
415 1243 541 1306 titulum
557 1245 736 1328 praelatum
751 1244 856 1324 ajunt,
881 1247 990 1316 Vbnt,
1011 1247 1109 1320 Vror,
1132 1245 1220 1308 Vter.
1247 1247 1289 1306 iiu

324 1323 375 1405 jus
400 1323 557 1469 triumphi
581 1325 644 1386 suit
667 1325 837 1408 adparatus
861 1349 900 1390 ex
919 1331 1076 1413 Aegyptia
1097 1327 1208 1412 spina,
1236 1348 1294 1412 qua

327 1405 413 1469 circa
431 1407 501 1469 'I'he
527 1429 561 1468 as
582 1407 717 1470 maxime
741 1410 896 1472 nascitur.

150 1535 314 1604 Triumphus
387 1531 489 1594 XVII.
512 1530 670 1620 Quartum
693 1551 732 1594 ex
748 1523 861 1596 Africa
881 1531 1078 1615 triumphum
1099 1531 1191 1593 duxit
1208 1531 1245 1594 dc
1262 1553 1291 1596 re

136 1606 289 1672 '‘Asrl‘t'·
326 1631 368 1696 ge
381 1613 482 1686 lube,
513 1613 603 1693 ouius
625 1628 658 1676 et
677 1611 764 1675 lilius
785 1632 868 1697 puer
889 1611 1004 1676 ductus
1024 1609 1068 1676 est
1086 1613 1245 1675 fortunata
1261 1633 1290 1674 ca

324 1693 487 1778 ptivitate.
521 1695 669 1790 Quippe,
692 1695 876 1758 liberaliter
895 1694 1048 1758 educatus
1061 1698 1195 1768 Romae,
1217 1709 1247 1756 et
1261 1717 1290 1756 re

325 1795 425 1859 gnum
450 1776 622 1860 utriusque
638 1777 850 1854 Mauritaniae
871 1778 976 1840 tenuit
995 1776 1120 1861 postea,
1146 1792 1194 1846 et,
1217 1779 1291 1840 Grae

325 1857 374 1920 eis
392 1858 499 1922 literis
519 1857 687 1931 eruditus,
717 1857 964 1921 memorabilior
983 1859 1078 1920 etiam
1096 1858 1240 1922 claritate
1257 1855 1292 1920 ssu

325 1938 473 2012 diorum,
505 1961 599 2023 quam
622 1961 746 2024 regno,
777 1939 907 2002 habitus
934 1939 988 2004 ett.
1030 1941 1136 2019 Hujus
1164 1939 1292 2022 triumph

322 2019 450 2084 fercula
470 2019 653 2084 conflabant
675 2043 714 2084 ex
737 2023 858 2096 ebore,
889 2024 988 2106 cujus·
1002 2038 1044 2088 et·
1058 2023 1185 2110 copiam
1206 2021 1289 2086 ead

321 2101 461 2166 victoria
484 2102 788 2170 subministraverat.

141 2210 310 2267 momento.
384 2209 500 2275 xvttt.
532 2210 693 2284 Diversus
720 2211 900 2272 animorum
926 2209 985 2272 sub
1007 2227 1067 2271 eos
1095 2207 1167 2270 dies
1190 2206 1272 2268 habit

133 2291 178 2332 ’ω
192 2285 294 2362 ‘'fim-
323 2289 397 2354 fuit.
431 2293 580 2354 dolorem
598 2294 696 2356 multa
715 2292 922 2356 adferebant:
949 2291 1144 2375 praesertim
1166 2287 1287 2373 quodd

133 2364 196 2467 ’,τ’
211 2365 240 2474 ’.ἶ
251 2368 310 2419 ⁸²²²·
323 2373 451 2438 civibus
466 2375 621 2436 Romanis
632 2375 790 2446 ,etiamsi
809 2375 904 2438 titulo
923 2372 1148 2444 abstineretur,
1170 2393 1207 2434 re
1222 2371 1291 2434 otia

133 2435 147 2470 ‘
179 2429 220 2512 'm
239 2437 283 2474 ⁸⁸⁸
323 2469 377 2519 cto
400 2455 667 2540 triumphabatur.
719 2455 870 2519 Omnium
894 2457 980 2518 enirn
1002 2454 1205 2552 proeliorum
1227 2453 1293 2514 taho

320 2538 371 2599 lae
390 2538 672 2633 praeferebantur,
696 2552 730 2599 et
746 2535 944 2600 illussrillimi
962 2557 1118 2621 cujusque
1138 2535 1293 2606 noscebant

320 2634 374 2684 tur
392 2621 568 2703 tmagines,
591 2641 653 2680 una
668 2619 806 2699 Pomjeji
827 2619 939 2704 effigie
956 2619 1096 2703 dempta,
1120 2639 1215 2702 quant
1234 2615 1293 2678 inril

320 2701 393 2765 diae
412 2701 625 2764 declinandae
640 2701 759 2766 Caesar
780 2702 944 2764 omiserat.
988 2701 1055 2766 Sed
1069 2701 1222 2770 Catonia,
1245 2669 1293 2761 Sci

319 2784 452 2868 pionis,
476 2798 510 2845 et
524 2783 649 2866 Petreji
668 2797 810 2846 extrema
829 2784 1004 2848 eliciebant
1022 2783 1188 2846 lacrimas:
1211 2803 1292 2865 nequi

320 2866 449 2930 Gallico
471 2865 638 2950 triumpho
660 2865 722 2926 lata
741 2865 897 2938 Manilia,
919 2885 1027 2949 neque
1042 2869 1091 2927 Ae
1135 2865 1204 2948 ptio
1222 2864 1292 2925 duct

318 2949 463 3010 Arsinoe
503 2968 593 3008 arum
610 2945 843 3029 indignationis
859 2968 896 3010 ac
910 2949 1086 3010 misericor
1109 2948 1160 3008 iae
1175 2965 1292 3008 cornuto

153 3109 157 3120 ι
218 3069 220 3074 ·
319 3044 422 3114 verat.
466 2969 553 3126 (guin
581 3043 620 3124 et·
634 3029 786 3091 lictorum
810 3051 983 3100 numerus,
1019 3029 1141 3125 nullius
1166 3047 1292 3114 umqum

319 3110 1292 3275 :titltttlt‘ttt,delibilittttt‘ttetttl

220 3341 228 3358 ,
317 3293 367 3335 re.
411 3276 558 3340 vieitnm
577 3275 778 3357 captivorum
797 3289 986 3358 reputantes
1001 3273 1257 3346 multitudinem,
1278 3293 1291 3334 e

318 3375 415 3500 paam
443 3356 627 3420 infestarum
655 3359 778 3440 populo
803 3360 950 3418 Itomano
979 3358 1124 3440 gentium
1151 3355 1253 3418 robur
1276 3356 1291 3416 b

336 3439 462 3513 uiss'ent,
486 3460 662 3522 rerumque
682 3438 838 3522 gestarum
858 3439 1032 3501 inauditam
1050 3452 1143 3500 antea
1158 3437 1291 3521 magnilli

319 3519 448 3592 dinem,
481 3522 520 3583 ab
547 3522 625 3584 odio
647 3523 795 3584 Caesaris
822 3521 864 3582 ad
884 3521 997 3584 laudes
1019 3535 1052 3586 et
1070 3519 1278 3582 admiratione

315 3593 610 3666 irensierebantur.
656 3603 869 3667 Delectabant
897 3617 929 3666 et
951 3601 1098 3665 Achillae
1117 3601 1290 3683 Pothiniqu

317 3703 463 3768 poenae,
492 3701 525 3766 et
544 3687 676 3750 Pontici
699 3687 788 3769 regis
812 3699 876 3747 tarn
896 3685 1052 3748 celeriter
1074 3683 1200 3766 dejecta
1220 3683 1290 3744 adro

318 3767 437 3848 gantis.
480 3767 573 3865 Opes
597 3771 693 3832 etiam
715 3767 888 3830 translatae
911 3767 967 3844 (ad
986 3765 1098 3829 decies
1120 3765 1226 3829 sexies
1242 3763 1290 3826 nil

317 3848 380 3912 lies
407 3847 588 3913 sestertium
607 3852 701 3916 suill‘c
720 3851 875 3938 reperio,
906 3869 1044 3912 coronas
1066 3869 1199 3923 aureas,
1230 3847 1290 3908 don

323 3975 656 3992 Ι--ιυ-ι-ι--ιι

1279 3529 1291 3613 ᾼ

350 4037 423 4112 Cap.
439 4041 503 4094 XV.
528 4040 573 4112 Ap
598 4039 657 4095 ian.
675 4037 754 4096 Vell.
772 4037 842 4096 Dio.
878 4039 1052 4112 (lap.XV1.
1078 4037 1163 4095 Flor.
1190 4019 1290 4097 Suetrii

317 4108 402 4162 Gaas.
421 4109 465 4176 ³7·
484 4107 563 4166 Veli,
605 4107 746 4230 lin.13,‚p
783 4107 968 4181 cap,xv11.
985 4109 1068 4166 Flor.
1089 4110 1217 4234 Appiam.
1234 4109 1289 4190 Plut

316 4177 396 4232 Plin.
413 4180 439 4242 5,
457 4201 481 4234 ι.
504 4177 596 4232 Vell..
617 4179 690 4250 Cap.
733 4177 815 4232 Vlll.
834 4177 962 4253 Appian.
982 4177 1044 4234 Cic.
1062 4179 1116 4236 Phi
1131 4217 1140 4236 .
1156 4182 1183 4248 e
1198 4187 1225 4240 o.
1242 4180 1289 4232 ltu

316 4245 447 4320 Appias.
466 4245 544 4306 Vell.
560 4267 588 4319 a,
606 4248 651 4306 56.
669 4255 700 4304 et
716 4245 760 4302 ibi
775 4244 855 4322 Lips.
875 4248 1004 4325 eppira.
