2598 4692
190 419 194 424 ,
288 347 353 426 sn
375 302 1280 440 sarissa.sussurranroauuunmrxnv.

301 475 1275 508 ..----—-----—----——---—--··

122 560 157 616 ll·
170 575 267 684 &¹7⁰3-
286 544 379 626 bone
402 555 613 621 concionatus
634 533 759 623 fuerit,
788 565 821 614 et
838 549 878 612 asi
894 554 1012 614 multos
1032 527 1226 636 scripserat,
1251 569 1293 630 se,

122 629 261 695 ΑΜ·
294 665 366 707 cum
392 635 540 702 Antonio
567 634 777 714 consentire)
806 634 846 695 ad
871 635 1046 712 Antonium
1079 633 1293 696 eoncetrernu

290 729 426 789 Partem
446 733 553 782 tamen
568 717 738 800 ‘equitatus
761 735 832 777 cuin
854 715 972 778 leviter
992 719 1122 779 armatis
1143 713 1288 776 ostende·

293 809 349 870 bat
363 802 545 874 Antonius,
578 799 676 885 signa,
690 798 856 884 legionum
879 798 962 882 apud
980 801 1099 864 Forum
1122 798 1287 862 Gallorum

853 885 863 920 Ι

295 890 475 954 occultans.
1293 868 1294 944 l

49 1009 65 1062 ⁸=
125 1039 283 1111 p,3„,„,·,
347 1011 411 1074 tx,
432 1007 476 1070 At
491 1003 715 1098 legio-Martia
734 1003 985 1088 praetoriaeque
1008 1005 1182 1076 cohortes,
1204 1001 1290 1066 holte

109 1123 168 1176 tua.
296 1103 495 1178 conspecto,
525 1101 664 1148 retineri
682 1105 746 1147 non
768 1100 964 1169 potuerunt,
987 1109 1051 1173 quo
1068 1090 1177 1148 minus
1197 1107 1291 1172 pros·

77 1185 80 1195 ‘
295 1177 375 1240 lium
396 1182 584 1236 consertum
599 1168 696 1228 irent.
738 1167 841 1252 igitur
859 1169 980 1240 Pansa,
1010 1168 1133 1232 duabus
1153 1169 1292 1252 legioni-

295 1259 355 1322 bus
374 1257 517 1317 tironum
538 1250 633 1334 sequi
648 1247 757 1392 Rullis,
780 1250 925 1312 transitis
946 1253 1098 1314 silvarum
1118 1266 1150 1314 et
1167 1249 1295 1336 paludis,

295 1335 467 1423 angustiis,
489 1333 591 1396 aciem
611 1332 643 1392 in
672 1331 757 1394 ruxit
778 1331 959 1395 cohortium
976 1333 1163 1396 duodecim.
1209 1337 1291 1394 h'on·

222 1437 226 1446 .
296 1422 372 1484 dum
389 1418 464 1480 illae
481 1415 561 1479 duae
576 1413 725 1496 legiones
740 1413 892 1486 aderant,
915 1436 1011 1498 quum
1023 1417 1203 1478 Antoniani
1222 1435 1296 1510 pro,

296 1513 451 1586 rumpunt
471 1519 511 1562 ex
528 1495 678 1568 insidiis,
712 1516 888 1580 manusque
911 1499 1065 1560 continuo
1083 1497 1171 1560 locis
1193 1499 1296 1579 impe-t

298 1584 377 1648 ditis
398 1592 587 1644 conserunt.
638 1577 741 1660 lgitur
758 1579 892 1639 Martiae
913 1579 1054 1664 legionis
1071 1581 1216 1653 milites,
1251 1581 1293 1638 in-

298 1663 437 1734 veterfftl
453 1662 615 1725 bellorum
633 1679 705 1726 usu,
728 1680 770 1722 tte
786 1660 992 1722 turbarentur
1008 1685 1024 1724 a
1039 1663 1221 1730 tironibus,
1245 1659 1294 1742 qui

212 1766 213 1772 ’
298 1769 374 1810 mox
394 1753 667 1830 supervenerunt,
691 1743 829 1803 seorsim
847 1741 908 1804 hos
927 1742 1297 1822 jullerunt‹consiste1·e;l

241 1891 248 1898 .
291 1830 366 1920 ipsi
388 1841 421 1891 et
440 1823 641 1916 praetoriani
659 1823 810 1885 alacriter
829 1827 1067 1908 capelliverunt
1083 1847 1242 1910 pugnam.
1296 1823 1297 1844 ¹

81 2003 84 2012 ,
137 1972 234 2026 fras„
250 1953 303 2022 ,ιε’
360 1951 402 2012 X.
424 1949 502 2012 Tria
522 1947 570 2010 sic
587 1945 725 2029 proelia,
749 1945 889 2010 discreta
908 1947 1055 2008 locorum
1074 1949 1235 2043 ingeniis,
1259 1947 1297 2008 si·

116 2044 171 2096 mat
187 2041 262 2094 tucis·
301 2033 368 2096 mul
384 2032 478 2098 tacu.
521 2033 601 2094 Nam
622 2049 637 2088 a
657 2025 771 2089 dextro
790 2047 909 2100 cornu,
932 2029 988 2090 ubi
1007 2029 1149 2114 legionis
1165 2031 1279 2092 hiantia

301 2113 455 2178 cohortes
471 2125 545 2176 octo
557 2122 669 2172 contra
681 2109 843 2192 legionem
857 2111 1052 2172 tricesimam
1064 2112 1214 2194 quintam
1227 2133 1284 2174 con

301 2196 464 2266 lliterant,
479 2190 681 2270 ‚Carsulejus
708 2205 740 2254 et
761 2192 861 2256 Galba
876 2193 1079 2254 Antonianos
1101 2194 1181 2256 loco
1202 2215 1298 2278 pepu-

226 2315 229 2322 ι
301 2279 421 2350 lerunt,
445 2277 479 2338 in
498 2273 607 2358 lugam
627 2292 691 2334 non
709 2288 886 2358 potuerunt
904 2288 1043 2338 vertere.
1077 2277 1114 2336 ln
1136 2277 1215 2360 ipso
1233 2275 1298 2336 riae

215 2413 217 2420 ,
303 2361 461 2424 Aemiliae
485 2374 624 2440 aggere,
653 2355 712 2426 ,ubi
731 2353 850 2418 cohors
868 2354 1015 2418 Caesaris
1035 2360 1208 2446 praetoria
1228 2379 1284 2418 con

301 2457 359 2505 tra·
370 2440 596 2527 praetorianos
610 2436 746 2499 Antonii
766 2453 835 2500 erat
855 2439 1028 2512 collocata,
1051 2438 1108 2502 diu
1124 2455 1292 2528 pugnato·

302 2523 520 2609 superquam
539 2518 670 2599 acriter.
705 2517 770 2580 Sed
788 2520 822 2580 in
842 2518 969 2582 sinistro
988 2541 1105 2594 cornu,
1128 2522 1223 2606 quod
1238 2543 1286 2584 cra

302 2605 481 2676 inlirmius,
504 2601 561 2664 ubi
579 2599 698 2662 cohors
717 2603 881 2684 praetoria
897 2601 999 2666 Hirtii
1022 2622 1092 2666 cum
1115 2601 1246 2668 duabus
1265 2623 1298 2662 es

302 2689 435 2774 legione
450 2685 565 2748 Martia
583 2682 763 2768 pugnabat,
787 2685 949 2746 Antonius
970 2683 1033 2748 fuit
1052 2687 1232 2767 superior:
1261 2699 1297 2758 et,

304 2791 401 2854 quum
417 2768 581 2852 equitatu,
604 2785 668 2847 quo
683 2765 810 2826 valebat
824 2766 1009 2849 plurimum,
1032 2769 1217 2832 circumire
1233 2787 1285 2828 coe

305 2853 400 2950 pillet
414 2847 533 2921 hostes,
556 2849 674 2930 pedem
693 2867 750 2908 eos
766 2847 895 2910 referre
911 2847 950 2907 ad
965 2844 1061 2910 castra
1076 2850 1205 2933 coegit,
1227 2871 1293 2932 qua

304 2933 437 3030 iuterim
466 2929 620 3016 prudenti
646 2927 790 2996 consilio
808 2933 993 3022 Torquatus
1010 2931 1137 2998 Pansae
1157 2929 1284 3026 quaesto

306 3027 498 3080 muniverat.

136 3151 293 3219 pum,
366 3123 422 3192 Xl.
452 3121 525 3186 Hoc
542 3117 639 3184 morlo
657 3132 812 3182 certatum
833 3119 920 3182 inter
939 3119 1000 3182 bos
1018 3109 1196 3204 adoepimu
1237 3133 1296 3180 aru

118 3203 393 3276 ,anvamdiem
423 3201 722 3265 duodevicesimum
755 3201 914 3266 llalendas
943 3202 1040 3282 Maii:
1082 3222 1149 3285 quo
1177 3143 1296 3286 {hosii

119 3300 211 3364 ratur.
305 3287 411 3354 Panis
427 3285 558 3354 consul,
582 3305 698 3366 quum,
722 3299 855 3368 accepto
874 3285 1029 3356 vulnere,
1054 3284 1196 3348 sortiter
1214 3305 1288 3365 rapu

307 3381 441 3451 gnaret,
465 3367 534 3450 pilo
552 3385 612 3449 per
632 3365 686 3426 ilia
705 3379 886 3437 trausacto,
910 3367 997 3432 aliud
1015 3367 1142 3452 accepit
1161 3367 1275 3447 gravio

307 3464 401 3516 etex
421 3448 550 3534 proelio
570 3447 672 3510 elatus
693 3445 736 3510 est
755 3447 946 3514 Bononiam.
989 3449 1174 3520 Antonius,
1207 3449 1288 3512 sicto

263 3593 266 3605 λ
307 3551 378 3594 rem
400 3531 586 3601 selerens,
610 3525 708 3594 calita
731 3530 826 3592 etiam
849 3528 983 3594 bellium
1008 3527 1233 3612 oppugnavit,
1254 3549 1289 3586 nc

262 3683 278 3698 .
309 3634 374 3697 que
399 3633 517 3700 capere
540 3611 663 3694 potuit,
696 3613 807 3674 multis
832 3613 952 3678 occisis
974 3610 1139 3674 tironibus
1160 3613 1285 3672 Pansae

308 3694 419 3758 multis
443 3695 539 3756 etiam
566 3693 684 3755 amillis
709 3694 867 3760 militibus
894 3696 973 3761 suis.
1016 3693 1164 3764 ldcirco,
1198 3714 1239 3752 ne
1261 3693 1288 3752 in

194 3863 200 3870 ⁸
308 3775 424 3850 terim,
457 3776 586 3860 cognita
607 3796 664 3850 re,
694 3777 813 3844 Caesar
839 3789 934 3868 atque
957 3774 1085 3842 Hirtius
1112 3773 1290 3872 superveni

253 3937 281 3946 Ἰ
346 3943 1052 4036 camvill.nio.cic.ad1tam.1o,s=.atss.
1086 3930 1230 4042 Gap-lli,
1250 3959 1290 4032 hp

309 4035 391 4160 ἔξω.
404 4037 444 4088 ‘et
460 4033 523 4088 Cle.
542 4031 579 4086 acl
594 4036 674 4091 Fam.
695 4049 740 4099 so,
760 4035 804 4090 ilc.
834 4032 989 4138 cimitini.
1011 4037 1056 4100 14)
1074 4049 1101 4104 9.
1130 4033 1260 4154 Apim:
1278 4045 1299 4080 t

209 4225 213 4231 .
283 4153 290 4184 ’
311 4123 374 4230 cii?
389 4099 937 4244 tibialissfiffiialiialii&
954 4101 1154 4242 bibisti?
1175 4115 1290 4232 nillil

311 4257 375 4321 seq·
760 4253 764 4260 ·

1071 4415 1078 4446 Ι
