2588 4688
328 309 388 396 aaa
416 267 622 380 'carrusa
639 306 1278 379 surruauauroauucmsxxu.

154 515 191 576 U·
211 517 311 590 ΨΜ·
329 523 402 596 fuit,
424 545 516 607 quam
535 522 783 610 negotiosillimi
800 521 871 584 dies
887 521 951 584 elle
964 507 1211 582 consuerentur.
1232 519 1281 606 llaq

155 584 192 645 A·
206 588 240 644 c'
258 594 303 661 44⁹
330 620 363 672 st
377 605 522 689 Lepidus
546 607 579 666 in
601 605 675 666 soro
697 603 836 666 tetendit
859 624 931 666 aum
952 601 1132 674 militibus;
1163 611 1195 658 st
1212 599 1278 658 dato

330 688 423 758 nius,
447 686 520 748 boc
541 686 706 769 praesidio
727 687 847 754 tutior,
882 684 1013 763 jubebat
1038 681 1196 742 excubare
1215 677 1279 760 magi

329 767 464 840 stratus,
487 768 613 832 facibus
630 767 794 840 accensis,
816 780 848 828 et
870 766 963 849 quasi
983 764 1025 826 de
1045 763 1101 832 die
1123 760 1231 824 aedera
1246 782 1276 843 pr

328 847 442 912 rostris
467 871 529 934 per
550 851 655 912 vicos.
707 853 781 930 lpse
809 847 980 932 pecuniam
1006 842 1276 922 commentarioaqr

326 931 480 994 'Caesaris
501 931 667 1014 deportari
685 929 770 1010 jullit
789 930 821 992 iu
838 919 939 992 aedcs'
955 950 1048 990 suas:
1071 929 1224 988 incertum
1237 943 1265 982 su

329 1032 372 1074 ue
392 1014 531 1076 consilio
556 1027 588 1078 et
602 1012 734 1100 proprii
756 1011 965 1075 emolumenti
984 1007 1105 1080 catilla,
1138 1025 1178 1068 an
1204 1017 1281 1096 oraaq

331 1095 523 1182 Calpurnia,
546 1115 587 1156 ne
607 1113 667 1182 per
683 1094 853 1160 tumultum
869 1091 1103 1177 diriperentur.

391 1203 533 1268 LXVlll.
564 1198 770 1266 Liberalibus
788 1199 867 1265 luce
888 1201 992 1284 prima
1013 1197 1192 1260 convenire
1203 1193 1266 1255 Patr

330 1280 364 1346 in
379 1283 524 1346 Telluris
549 1281 748 1365 cooperunt.¹
775 1299 815 1342 eo
841 1295 986 1342 sanatura
1011 1279 1114 1342 indici
1139 1279 1270 1360 placuero

329 1364 417 1446 quod
429 1365 519 1426 curia
531 1363 674 1442 subjecta
684 1362 909 1444 Capitolinum
924 1383 989 1446 quo
1003 1361 1202 1444 gladiatores
1215 1377 1274 1418 arao

328 1457 489 1528 tamquam
526 1444 666 1510 obnoxia
704 1442 947 1520 coniuratorum
981 1443 1129 1506 insidiis.
1147 1439 1272 1502 ‚vitabatu

164 1525 437 1610 classem-Quum
463 1529 549 1592 inter
574 1541 703 1592 ceteros
727 1522 971 1591 intrassemus
996 1525 1115 1596 vellet,
1145 1521 1281 1603 resumpti

139 1598 272 1656 ”mm
326 1607 522 1692 insignibus,
546 1607 752 1704 quaapridic
769 1607 970 1692 projeceram
997 1619 1109 1670 coorta
1126 1602 1173 1666 ali
1186 1603 1217 1663 in
1230 1597 1281 1682 aad

221 1741 225 1750 .
327 1710 409 1772 quaa
434 1691 582 1758 cassans
610 1708 724 1756 necem
751 1709 849 1769 aegra
875 1689 1022 1761 serebat,
1053 1686 1265 1770 populicum

325 1770 566 1856 laceratumque
585 1770 766 1838 maledictis
785 1783 819 1834 et
835 1771 997 1855 lapidibus
1014 1769 1195 1852 adpetitum
1212 1767 1240 1826 in
1251 1695 1281 1848 dd

325 1872 412 1916 mum
431 1853 599 1936 quamdam
617 1857 795 1934 coegerunt
818 1853 1010 1936 coningere.
1043 1870 1154 1933 nsque
1174 1849 1223 1910 hic
1239 1846 1281 2342 iq

326 1947 398 1998 erat
413 1935 571 2018 periculis
595 1935 682 2017 ligus
700 1931 848 2016 congelle
867 1950 952 2008 sunt,
976 1950 1009 1999 et
1024 1931 1210 1994 incendium
1224 1951 1256 2012 pa

325 2028 404 2088 tum,
426 2016 459 2080 ni
473 2016 615 2100 Lepidus
633 2036 705 2082 cum
722 2016 856 2080 aaronis·
868 2015 1046 2080 adcurrens
1063 2015 1129 2076 vim
1145 2025 1270 2075 extrema

325 2096 486 2158 arcuiffet.
529 2097 636 2168 Idem,
669 2096 708 2161 ad
735 2117 848 2162 omnes
872 2097 979 2161 aditus
1005 2095 1123 2182 positis
1147 2091 1267 2157 colludii

326 2177 502 2260 ingranam
526 2180 648 2246 ceteris
673 2179 826 2247 tutiorem
853 2177 1018 2264 praestitit.
1061 2177 1126 2255 sad
1151 2191 1277 2238 tamena

325 2257 389 2326 boc
412 2259 507 2324 initio
528 2262 676 2328 Caesaris
701 2257 846 2340 fautores
871 2273 1067 2348 receperunt
1089 2259 1230 2325 animos,
1255 2275 1269 2316 e

327 2360 430 2422 quum.
449 2342 586 2406 subinde
606 2343 717 2426 plures
739 2361 851 2406 eorum
870 2354 1124 2414 concurrerent,
1159 2340 1265 2403 Callian

222 2463 235 2494 ,
325 2441 398 2488 rum
418 2426 693 2492 mercenariorum
711 2423 832 2490 fractae
850 2443 886 2486 au
904 2423 1091 2492 debilitatae
1103 2347 1281 2520 vocesconti

327 2518 473 2571 ruerunt.

170 2605 306 2692 ,ΜΝ
386 2611 500 2677 LXIX.
530 2612 669 2680 Interim
686 2610 907 2696 perstrepebat
936 2595 1067 2675 senatus
1092 2575 1281 2680 mirarersi

145 2675 293 2736 ‘'m''di'·
310 2693 575 2777 'orationumque
601 2693 784 2767 discordia,
816 2694 879 2758 boc
907 2695 1199 2778 intemperantius,
1228 2713 1263 2774 qu

325 2773 461 2836 libertas
482 2796 522 2838 ex
537 2776 709 2840 intervallo
725 2774 955 2861 ragullabatur.
978 2777 1126 2860 proximo
1140 2775 1225 2838 enim
1235 2793 1269 2856 qu

326 2855 478 2917 driennio
495 2857 651 2940 pleraque
668 2873 780 2920 contra
794 2857 892 2918 animi
909 2857 959 2918 sui
976 2858 1267 2920 sententiamoema

324 2952 407 3002 rant.
451 2940 612 3022 Pleraque
639 2954 744 3003 tamen
769 2961 861 3024 pars,
892 2938 1006 3005 sarens
1031 2939 1224 3020 conjuratis,
1248 2955 1263 2994 c

323 3039 455 3102 quoque
467 3020 609 3100 ‘iubebat
631 3023 763 3084 arcellis
792 3041 899 3104 neque
922 3021 1121 3106 repugnabat
1135 3019 1251 3084 Antoni

325 3101 433 3167 sciens
452 3123 516 3165 non
536 3104 599 3167 elic
619 3103 847 3169 descensuros.

175 3223 304 3280 arvam
385 3209 485 3272 Lxx.
515 3211 566 3274 Da
589 3211 765 3274 interserto
785 3213 924 3272 Caesare
943 3211 1041 3272 multa
1063 3223 1096 3273 et
1115 3209 1240 3271 diversa
1257 3163 1281 3270 di

145 3296 303 3354 tentamine.
325 3287 499 3362 rebantur,
533 3313 630 3374 quum
654 3293 726 3358 aliis
753 3292 937 3382 palliorum,
969 3291 1040 3354 aliis
1059 3271 1281 3376 pulcherrimud

322 3369 450 3438 facinus
467 3371 531 3434 ella
547 3373 723 3440 videratur.
735 3395 832 3458 pars,
854 3389 986 3439 auctore
999 3374 1052 3436 Ti.
1063 3379 1204 3444 Nerone,
1218 3369 1281 3490 praq

323 3450 387 3516 mia
406 3451 603 3521 decernebat
621 3455 911 3522 interfectoribus:
941 3457 996 3518 alii
1016 3457 1136 3538 gratias
1154 3451 1281 3539 agendas,

161 3563 164 3578 ·
199 3591 202 3598 .
324 3533 465 3604 umidis.
494 3555 576 3618 quac
601 3537 729 3620 naipsi
751 3537 882 3620 quidam
903 3535 1118 3622 postularent,
1147 3532 1281 3624 praemiis]

323 3629 435 3708 crant,
466 3618 521 3702 qui
543 3615 698 3686 sufficere
720 3617 895 3688 crederent
917 3621 1151 3708 impunitatem.
1194 3607 1281 3690 Contd

324 3695 511 3774 dicebatur,
533 3721 590 3763 rem
609 3699 659 3784 effi
677 3699 833 3780 commifflsm
852 3705 959 3764 minim
976 3701 1159 3776 laudabilem,
1181 3691 1281 3836 randi]

292 3848 295 3858 Ι
322 3797 368 3838 cae
391 3798 481 3842 ramea
504 3783 724 3858 assiduorum,
754 3803 788 3843 ne
804 3785 882 3846 amuis
895 3780 1055 3843 uulneribus
1072 3803 1177 3844 ueteres
1192 3780 1258 3840 ciaid
1280 3839 1281 3844 ,

321 3859 457 3924 malorum
474 3866 612 3930 cicanices
627 3864 864 3950 refunderentur:
893 3860 952 3931 sed
966 3863 1111 3932 bonores
1128 3863 1281 3928 adimebat

348 3961 357 3970 ⁶
1280 3961 1281 3986 l

324 3983 664 4011 Ἣ

356 4053 430 4126 oup.
443 4053 560 4137 cxvu.
577 4053 647 4109 oro.
665 4051 794 4136 appias,
829 4055 901 4178 usq.
918 4055 1049 4110 uxvm.
1067 4054 1131 4109 cta.
1146 4053 1182 4109 aa
1194 4055 1248 4108 aa.
1259 4039 1281 4124 q

324 4139 367 4176 to.
387 4133 416 4177 et
435 4131 477 4184 ali.
502 4126 571 4177 Duo.
598 4121 725 4259 Appiam
760 4119 873 4196 Gap.L
901 4125 950 4179 lli.
975 4125 1045 4180 Dio.
1070 4123 1197 4195 dppiau.
1230 4122 1281 4200 Call

323 4192 408 4252 LXX.
432 4195 502 4254 Tac.
516 4193 591 4255 bon.
608 4211 632 4262 s.
668 4191 828 4255 .sastoa.
851 4193 954 4256 Tiber-
968 4196 997 4270 4.
1019 4193 1150 4276 Appios.
1224 4224 1227 4234 ·
1280 4203 1281 4252 l
