2654 4686
176 325 219 390 itt
239 320 386 390 LOGUH
406 325 487 390 me.
500 325 642 392 CXXXI.
655 329 771 399 mvn.
902 331 964 397 686

35 559 94 612 ran,
111 534 222 600 viribuu
239 533 415 619 animisque
426 522 656 632 proeliantium}
678 535 869 601 tutabantur.
895 539 961 636 Ap·
991 537 1027 596 U.
1043 555 1070 594 e.
1082 558 1143 610 7¹⁷·

51 639 116 682 eren
133 617 231 698 jecere
249 620 407 678 Romanor
426 613 609 678 instituerat.
646 616 679 678 id
696 635 778 700 opuu
795 633 962 682 nooturma
991 610 1027 666 Α·
1041 609 1074 667 ⁰·
1085 611 1132 668 ³⁵·

35 643 186 782 diurnitque
207 697 426 781 eruptionibus
447 695 690 780 impediebatur.
723 715 829 782 neque
851 701 962 764 subire

35 803 115 842 nurou
133 793 226 842 tutum
246 793 331 851 eret,
362 778 447 860 quod
466 778 624 840 machinae
642 777 800 842 habebant
817 782 963 858 bat-beri,

36 865 132 924 relictui
148 881 163 921 u
180 862 218 922 D.
230 864 348 930 Bruto,
370 879 434 942 quo
450 872 594 944 tempore
610 859 730 922 circurn
748 881 784 924 ea
801 861 870 924 loon
886 873 964 925 uon-¹

50 944 126 1004 redut
149 959 214 1002 cum
237 939 299 1002 hoc
319 943 454 1004 Caeaare
480 955 511 1002 et
533 941 673 1002 Antonio
696 941 811 1004 fueret.
852 947 964 1029 Neque

35 963 64 1084 de
76 1021 338 1166 aggereuperiecto
358 1021 507 1106 proderat
524 1020 697 1083 diucussiiia
714 1025 854 1099 moenia,
878 1025 965 1110 quod

35 1105 168 1166 intenoru
211 1103 286 1165 inde
304 1119 411 1164 murra
431 1103 468 1166 ab
487 1100 572 1164 hoste
592 1102 777 1166 ducebatur.
871 1131 875 1136 ·

76 1227 158 1290 XXV.
179 1225 220 1288 At
235 1229 361 1296 caeter,
384 1241 537 1310 occupato
553 1225 714 1290 exteriore
730 1247 961 1314 uuccenaoquu.
982 1247 1141 1322 mn„

33 1305 60 1366 ad
75 1327 172 1368 uotum
192 1329 314 1370 murum
334 1307 419 1370 binia
436 1305 608 1391 aggeribua
625 1305 734 1386 jacuit,
767 1323 872 1372 turres
895 1311 1124 1384 eri-tandem.

33 1387 78 1470 git,
102 1387 175 1450 ande
199 1403 335 1472 quatuor
359 1387 449 1450 timui
475 1403 589 1472 ponteu
615 1387 647 1448 in
667 1390 791 1450 moenia
813 1391 961 1475 porrige·

33 1483 125 1530 rentur.
161 1469 284 1531 Paratia
308 1469 473 1543 omnibus,
503 1491 519 1531 a
546 1469 672 1530 diacraa
696 1484 787 1552 parte
809 1471 889 1534 cieri
910 1488 960 1534 tn.

32 1551 133 1610 nultum
149 1548 253 1630 jubet,
280 1559 348 1614 nt'a
366 1547 555 1612 defensione
572 1549 652 1622 loci,
679 1549 763 1613 unde
782 1553 961 1636 periculum

32 1627 170 1704 inierat,
199 1631 315 1694 obtessi
344 1631 590 1694 deducerentur.
640 1630 745 1714 Quum
771 1635 963 1698 aucoessiss'et

32 1711 184 1784 confilium,
207 1713 282 1776 laeti
299 1713 433 1774 Romani
450 1709 642 1796 protrudere
661 1711 819 1795 incipiunt
836 1731 961 1798 pontea.

31 1791 85 1863 aed,
104 1791 169 1862 dum
186 1793 271 1856 iuter
284 1792 513 1856 festinationem
532 1791 636 1854 minut
654 1809 744 1855 caute
759 1815 813 1856 reu
828 1795 962 1858 admini-

30 1869 123 1944 stratur,
141 1873 245 1937 labare
262 1875 438 1947 machinae,
460 1886 638 1960 pontesque
655 1895 736 1936 nnuc
754 1895 852 1960 anper
867 1877 961 1938 elium
1048 1877 1052 1887 '

29 1973 101 2014 ruere
120 1967 300 2052 coeperunt.
342 1956 459 2018 Tribuu
483 1953 527 2050 itu
553 1953 690 2038 perditio
717 1959 959 2042 corruptioque,

29 2033 612 2202 :tttttt‘tt'd‘ss'qiitt‘ttt‘tttt
625 2035 837 2199 :zittert
840 2037 961 2193 22:31
1043 2183 1048 2200 ,

29 2193 157 2280 postquam
177 2199 286 2262 verbio
303 2199 382 2262 nihil
400 2198 578 2282 profectum
596 2193 656 2268 est,
686 2199 830 2282 exemplo
848 2201 960 2263 incita·

30 2289 95 2338 ιιιιιιι
111 2299 191 2352 auor,
213 2281 359 2365 protinua
374 2280 481 2342 exailit
497 2279 529 2339 in
545 2291 686 2364 pontem,
707 2295 873 2364 praetento
888 2301 959 2344 aon.

29 2363 166 2422 tonoenia
180 2376 306 2445 patena.
345 2365 426 2424 'l'unr
447 2380 524 2424 vero
546 2373 579 2422 et
597 2360 758 2442 Agrippa,
780 2375 812 2422 et
827 2361 889 2424 duo
903 2363 958 2426 alii

29 2435 115 2512 ducet,
133 2461 202 2504 uum
223 2463 286 2504 uno
302 2444 479 2524 armigero,
502 2441 671 2526 provolu'nt
689 2441 802 2524 prirni;
823 2456 888 2504 tum
901 2444 959 2506 ho·

28 2537 76 2578 run
91 2523 261 2586 inritatione
279 2525 396 2586 militen
417 2523 460 2583 ita
481 2522 644 2594 certatim,
673 2536 708 2582 ut
724 2543 800 2604 prae
819 2525 959 2586 multitu·

28 2595 81 2662 dina
97 2623 168 2686 pont
186 2617 300 2687 ruptua
316 2604 350 2665 in
367 2623 522 2688 praecep·
539 2622 648 2664 omnen
666 2603 857 2674 effunderet,
878 2607 958 2665 rnul-

28 2681 55 2742 tir
69 2681 155 2746 statim
174 2686 376 2758 exanimatio,
406 2687 549 2768 maleque
568 2685 706 2748 multatis
724 2684 958 2767 compluribnut

28 2759 49 2820 ἱιι
61 2767 162 2845 quibnu
178 2781 213 2829 et
224 2767 339 2829 Caeaur
355 2768 426 2850 ipre
443 2767 515 2836 tuit,
537 2783 610 2826 orna
629 2767 773 2829 dextrum
792 2780 823 2828 et
839 2778 958 2826 unum-

29 2863 71 2924 que
85 2846 241 2910 brachium
260 2847 427 2909 cruciatur.
470 2845 551 2917 Sed,
574 2847 668 2910 animi
687 2845 881 2908 firmitudine
903 2845 959 2908 de-

29 2921 149 2990 bilitatem
166 2927 381 2990 membrorum
399 2925 562 2998 sustinens,
584 2930 735 2992 continno
751 2928 865 2990 iterum
883 2945 959 2988 con·

29 3005 103 3069 tendit
118 3011 149 3072 in
167 3011 299 3080 turrim,
327 3027 427 3094 aeque
445 3008 600 3070 militina·
620 3021 653 3072 et
671 3007 749 3071 honi
768 3005 957 3080 monstravit,

29 3105 53 3148 ra
66 3104 111 3152 aut
126 3091 178 3153 hio
198 3091 285 3151 inani
306 3109 364 3176 upe
379 3089 542 3164 ferocior,
573 3104 626 3154 aut
646 3091 696 3154 itti
718 3089 884 3172 uegnioret
902 3087 958 3150 de·

29 3172 179 3250 operatione
201 3170 326 3234 fierent.

65 3277 167 3342 xxvt.
200 3277 263 3340 Sed
292 3289 326 3339 et
350 3274 444 3338 ulium
470 3289 599 3360 pontem
625 3275 785 3338 oedificeri
811 3275 957 3358 protinna
989 3279 1124 3336 letaidau.

31 3357 92 3424 uffir.
111 3371 142 3420 et
158 3359 272 3423 multae
290 3359 422 3440 inauper
437 3357 545 3442 copiae
562 3357 690 3420 urcefflr
710 3377 810 3440 eaque
828 3375 880 3416 reu
891 3361 958 3418 Me·
969 3365 1028 3401 Μ’
1040 3351 1129 3423 ΜΡ·

31 3437 114 3500 diuet
127 3441 253 3512 terruit,
275 3451 457 3524 reputantes
474 3459 564 3524 quam
581 3459 651 3501 curn
667 3439 786 3502 invicto
802 3457 854 3498 ree
870 3439 958 3508 edet,
970 3417 1052 3472 ''a“

30 3533 58 3588 ιι,
86 3522 179 3584 nidis
208 3521 339 3606 legatio,
370 3519 511 3583 facturoa
540 3521 691 3602 imperata
718 3519 959 3603 pollicerentur.

30 3599 113 3662 Iaerar
137 3601 268 3666 obeidea
291 3604 483 3745 qninpentou
504 3599 687 3684 postulavit,
717 3615 814 3684 utque
837 3599 959 3683 pronai·

30 3679 86 3740 Ιίιιιιι
101 3687 300 3768 acciperent:
320 3683 360 3746 ud
384 3685 513 3767 uotique
534 3697 606 3744 runt
626 3682 766 3754 obsides,
789 3696 821 3744 et
837 3681 960 3764 praeui-

31 3761 60 3820 io
74 3766 259 3849 recipiendo
278 3765 407 3828 duarum
427 3765 544 3826 arcium
562 3764 721 3827 ercelainr
739 3763 863 3826 tradita.
893 3761 960 3826 Sed

31 3841 59 3904 di
74 3867 152 3908 arma
198 3868 302 3932 noque
321 3847 449 3910 trudere
467 3845 536 3926 jussi
555 3859 646 3918 eunt,
676 3845 832 3911 concinuit
852 3844 884 3904 in
902 3863 957 3906 cu·
1041 3869 1043 3876 ·

31 3925 80 3988 ian
95 3947 154 3990 nuo
177 3929 184 3946 '
210 3951 246 3991 uu
265 3929 442 4015 liberisque
461 3927 545 4002 auia,
573 3927 767 4016 praesidium
785 3927 959 3988 Romanurn

32 4117 104 4194 ¹(lup.
112 4119 202 4175 XXV.
225 4117 307 4175 Fiat.
328 4117 402 4200 Piiu.
416 4133 446 4186 ᾳ,
460 4113 592 4198 45ιῦῠί0.
612 4115 736 4174 sueton
752 4113 827 4188 Aug.
839 4125 881 4170 uo·
899 4111 957 4186 up·
1090 4146 1094 4157 ι

32 4201 79 4240 ¹³²·
110 4187 185 4264 Cap.
196 4191 297 4246 xxvl.
315 4189 383 4252 Duo,
397 4195 427 4240 ut
438 4185 566 4260 Appiun.
