2598 4692
324 323 385 396 3631
409 320 1039 400 ruerusn.surruuueur0uust
1052 325 1126 388 Lis.
1137 325 1272 396 LXXXV.

149 541 195 599 ¹ll·
209 533 307 609 e‘'7⁰0-
328 563 483 614 tremum,
501 541 690 625 Plancoque
711 535 875 622 negotium
895 540 985 604 de'dit
1003 541 1044 605 de
1063 543 1160 604 salute
1170 544 1204 603 1..
1217 543 1250 604 Ca

157 613 240 670 Μ’·
254 611 298 678 ⁴³·
329 631 412 694 suris
434 623 613 689 referendi.

152 774 317 832 „mamm
387 741 508 828 Lxxt?
529 747 595 811 Sed
620 759 653 809 et
675 745 715 808 eb
739 745 819 830 ipsis
844 745 1001 808 militibus
1025 747 1166 808 nonnulli
1186 763 1273 806 serra

143 846 318 918 quidamst·
331 848 423 897 sunt:
446 849 583 918 quorum
600 845 704 892 tamen
721 827 946 890 benevolentia
958 831 1083 912 Largus
1099 829 1150 890 diu
1164 827 1249 888 frain

144 915 212 970 rari.
329 916 447 1001 potuit.
490 931 587 998 quum
602 911 705 981 eninr,
727 911 822 972 alium
838 925 1047 994 quaerentes,
1069 911 1152 972 bunc
1168 911 1258 994 reper'

279 1019 289 1038 ⁸
332 1011 423 1074 sent;
445 995 525 1056 nroti
539 993 678 1056 bominis
693 993 894 1063 inielicitate,
918 994 973 1074 qui
989 1007 1100 1076 captus
1116 1005 1194 1063 ante,
1215 1013 1248 1072 qu

238 1147 241 1155 ,
329 1077 520 1162 vestigatus,
544 1077 632 1146 ellel,
654 1075 686 1136 in
706 1074 883 1157 proximam
902 1077 1012 1136 silvam
1028 1074 1199 1156 perfugere
1215 1073 1266 1152 juli

329 1175 416 1222 runt.
457 1159 515 1220 llle
534 1157 653 1241 igitur,
677 1156 709 1216 in
728 1157 808 1216 alios
825 1155 983 1230 incidens,
1006 1155 1046 1216 ad
1062 1157 1187 1242 priores
1200 1175 1246 1216 rec

331 1243 394 1316 rit,
436 1242 489 1302 Vos
513 1262 552 1298 me
576 1243 665 1319 parius
690 1233 851 1315 interficite,
881 1237 1064 1310 clamitans,
1094 1237 1197 1318 quando
1213 1237 1258 1294 aila

331 1329 420 1384 minus
439 1321 474 1401 est
492 1322 668 1402 pereruditus.
690 1339 737 1378 vos
754 1325 844 1400 patius
862 1337 956 1398 captus
974 1324 1023 1379 mei
1037 1315 1190 1401 'prauniuru
1205 1319 1256 1376 adr'

333 1426 365 1465 re
382 1403 545 1482 uerumejl,
568 1407 613 1483 qui
632 1421 671 1459 me
682 1399 796 1482 servare
813 1399 943 1478 uoluistis.

167 1553 317 1619 taeraerqm
394 1529 521 1596 Lxxu.
545 1521 692 1606 Aequior
714 1521 843 1583 fortuna
858 1523 1010 1606 virginio
1032 1525 1111 1596 fuit,
1136 1522 1201 1606 qui,
1224 1541 1269 1582 sua

149 1619 323 1688 emergentes.
337 1610 468 1694 eloquio
493 1605 678 1692 praeditus,
709 1603 844 1688 primum
868 1608 973 1668 serris
994 1608 1062 1670 suis
1085 1607 1255 1691 persuasit,

320 1698 465 1774 'predium
496 1691 643 1756 niudis-nm,
673 1689 754 1746 imme
771 1691 903 1746 incertum
918 1695 1067 1768 prosarium
1082 1690 1234 1754 babituros,
1253 1701 1287 1742 nu

337 1770 468 1855 perpetuu¹
491 1768 663 1850 turpitudine
687 1788 714 1826 et
738 1786 823 1838 metu,·
845 1767 973 1850 seruato,
1000 1769 1168 1850 praeclaram
1188 1765 1288 1858 rursusq

339 1858 425 1926 tiam,
447 1873 475 1912 er
490 1850 635 1930 aliquando
644 1849 750 1930 firmam
760 1847 833 1928 facti
842 1893 851 1922 ,
869 1849 919 1928 fed
937 1870 963 1908 et
979 1851 1124 1910 nter-cedern
1142 1849 1216 1920 letrae
1231 1847 1288 1918 natu

338 1956 396 1996 rem
413 1955 493 2013 arque
508 1933 649 1992 certiorem
666 1927 813 1990 relaturos.
855 1935 898 1992 lta
916 1951 986 1992 cum
1007 1932 1058 1994 his
1080 1932 1194 1993 eodem
1210 1928 1288 1989 habiri

338 2015 517 2100 fugientem
541 2011 627 2074 nacti
648 2011 768 2070 milites
792 2029 1000 2094 agnoverunt.
1042 2035 1150 2097 neque
1172 2013 1224 2074 hic
1244 2031 1289 2080 eur

337 2096 485 2162 iacuudia
504 2115 559 2156 sua
576 2106 629 2153 aut
644 2091 784 2153 felicitas
797 2093 959 2168 deseruit,
982 2097 1156 2180 quominus
1175 2109 1206 2154 et
1220 2093 1250 2152 hi
1263 2101 1289 2174 sq

339 2193 516 2263 querentur
538 2195 610 2236 eum
634 2173 672 2234 ad
690 2193 795 2244 mare,
826 2177 993 2257 pecuniam
1012 2179 1121 2262 potius
1144 2177 1182 2238 ab
1199 2175 1289 2236 incola

338 2262 382 2321 mi
403 2261 565 2344 voluntate
584 2255 686 2338 ipsius
705 2254 892 2338 adreptum,
914 2281 1006 2344 quam
1026 2281 1085 2344 pro
1112 2274 1164 2321 ter
1182 2256 1289 2319 occisor

339 2361 400 2424 per
418 2343 537 2403 scelus.
579 2335 665 2408 Sed,
686 2337 740 2396 ubi
762 2353 889 2418 ventum
912 2339 950 2401 ad
970 2343 1046 2403 litus
1067 2284 1129 2414 eli,
1152 2341 1211 2420 jam
1226 2327 1290 2412 ahai

338 2423 463 2504 Vlgffll
476 2441 574 2489 Μῦν,
598 2439 678 2502 quae
700 2437 739 2478 ex
760 2423 941 2502 composito
961 2443 1030 2484 cum
1051 2425 1190 2484 nummis
1208 2441 1244 2482 eo
1262 2417 1290 2478 ad

338 2505 489 2580 cellerut3
520 2501 618 2562 abiile
639 2497 698 2578 jam
717 2513 783 2560 rata
804 2499 917 2563 virum.
953 2525 1067 2565 servus
1084 2519 1209 2576 tamen,
1230 2503 1257 2560 in
1275 2499 1290 2560 li

288 2639 291 2648 .
337 2599 409 2648 tore
431 2585 472 2648 ob
491 2585 552 2646 hoo
570 2581 718 2650 relictus,
742 2593 774 2641 et
789 2603 900 2648 narem
917 2585 1186 2658 commonstravit,
1208 2600 1237 2646 et
1253 2603 1290 2642 on

164 2681 409 2748 Quenortainnem
435 2667 584 2750 exposuit
604 2664 652 2724 rei
674 2662 832 2724 ordinent.
876 2667 995 2748 Igitur,
1025 2683 1139 2730 orante
1156 2668 1290 2750 virginio

152 2755 314 2804 comitantur
338 2749 541 2831 exspectarent,
564 2749 627 2806 dum
647 2763 820 2802 reseraretur
836 2767 926 2820 uxor,
951 2767 998 2807 ortt
1014 2754 1042 2807 iu
1061 2751 1155 2811 Sicilia
1172 2752 1290 2830 adripere

155 2820 323 2876 mistim·
338 2851 475 2902 nummos,
507 2829 540 2890 in
549 2825 710 2910 tsoapbam
730 2826 956 2908 imposuerunt
973 2851 1063 2904 eum,
1093 2831 1252 2913 alacrique
1267 2847 1290 2886 re

338 2913 438 2996 migio
452 2923 671 2994 perrexerunt
686 2907 720 2966 in
735 2908 889 2986 insulam3
917 2933 1079 2996 quumque
1095 2913 1158 2974 sibi
1175 2933 1242 2972 curn
1256 2907 1288 2968 fit

339 2995 463 3054 exsolui
482 2991 630 3074 promiila
647 2989 806 3061 vidiilent,
829 2991 923 3070 hujus
941 2995 1003 3055 viri
1020 2997 1205 3056 comitatum
1220 3011 1290 3054 secra

338 3089 447 3136 mento
467 3095 524 3135 suo
542 3072 783 3158 praetulerunt,
803 3089 1052 3160 manseruntque
1074 3097 1146 3138 oum
1167 3096 1206 3138 eo
1225 3093 1290 3157 usqu

339 3155 379 3218 ad
397 3157 484 3238 pacis
505 3169 660 3238 tempora.

400 3279 540 3339 Lxxut.
574 3279 644 3360 ipsa
671 3298 801 3362 quoque
827 3279 1069 3342 triumvirorum
1097 3277 1225 3340 discors
1247 3297 1290 3338 cor

339 3361 470 3432 cordia,
501 3359 575 3419 ‹lum
597 3359 652 3418 alii
679 3381 809 3422 exosum
833 3383 965 3423 servare
990 3375 1123 3422 conatur
1146 3362 1243 3431 alius,
1270 3379 1290 3416 at

339 3457 449 3504 oontra
464 3456 588 3524 gratum
602 3439 655 3499 alii
668 3441 826 3524 perdere,
849 3463 990 3526 magnam
1009 3464 1048 3504 eo
1064 3457 1211 3526 ternpore
1225 3441 1290 3501 varii

340 3528 434 3586 tete'm
458 3543 586 3584 casurum
609 3526 748 3603 peperit.
779 3539 906 3608 tamque
921 3516 1051 3586 luerunt
1068 3525 1191 3586 ineerta
1205 3523 1290 3584 omnia

340 3622 375 3667 ut
394 3607 471 3666 alins
490 3603 631 3688 praemia
651 3604 873 3685 proditoribus
890 3627 1037 3682 suorum,
1068 3607 1147 3668 alias
1168 3603 1290 3690 supplici

341 3698 674 3772 repraesentarentur.

178 3819 256 3872 ,5„„·
269 3833 327 3884 m,
402 3793 545 3852 Lxxw.
568 3791 695 3852 Haterii
712 3812 838 3862 servus,
860 3791 941 3852 hero
956 3793 1088 3874 prodito
1106 3807 1217 3854 nactus
1230 3789 1290 3850 libe

155 3888 256 3938 etism
270 3888 312 3936 to·
340 3887 453 3945 tatem,
477 3873 552 3934 dum
572 3871 739 3936 facultates
759 3875 861 3938 occisi
881 3872 1111 3947 subhabeatur,
1134 3873 1246 3936 liberis
1263 3871 1290 3928 Hi

59 4021 63 4030 ,
91 3978 94 3984 ’
155 3973 248 4078 :5:¹⁸¹
267 3971 318 4025 μ·
341 3955 435 4027 terii,
464 3955 548 4017 bona
566 3967 699 4068 paterna
721 3956 884 4018 redimere
903 3957 1129 4042 cupientibus,
1161 3953 1290 4038 improba

344 4083 414 4099 m

341 4142 564 4286 Agiqhbffl.
587 4141 729 4250 Appiam
758 4143 976 4248 Cfpdalixlll.
1003 4145 1075 4206 Dio.
1109 4139 1290 4219 Capfflll

408 4549 414 4581 l
