2628 4692
169 297 213 364 m
233 296 385 364 uocora
406 299 488 362 cm.
509 298 665 366 cxxvn.
685 301 800 366 mvu.
919 306 980 380 tac

527 434 975 474 --·-r-----

18 527 82 574 erat
94 511 252 578 Antonio.
274 509 498 574 remittendum
516 507 556 570 de
574 529 671 572 curru
686 513 831 586 cenauit,
858 525 984 576 tentan-
1014 505 1049 564 u.
1064 523 1090 558 a.
1105 521 1164 570 7¹¹·

19 595 146 676 demque
164 595 256 675 priua
275 613 335 676 per
351 593 432 654 aliua
452 589 579 652 dubiam
599 591 661 652 viri
680 589 787 654 fldem.
828 595 896 658 Sed
918 601 986 658 Aa.
1012 575 1148 642 5⁰4⁰·

20 675 139 748 toniua,
169 680 249 734 motta
271 675 302 756 se
328 679 395 732 mcci
421 675 557 750 deceptum
576 672 755 751 pactionibus,
787 694 864 754 qcon
891 681 987 738 timore

21 755 126 834 contaffo
139 753 269 836 seruari,
292 753 419 818 tollatur
441 749 482 816 ell
537 752 598 816 Ubi
618 770 839 817 convenerunt
858 758 986 830 clall'ea,

22 837 139 921 primae
166 835 265 898 lictor
289 835 441 906 Antonii,
475 793 556 896 daut
581 833 615 896 iu
638 855 754 917 prora,
786 837 988 902 Domitianoa
1111 891 1128 912 ,

23 915 989 1083 tdtltttltitltttt¹¹limitat„:tttlltttt‘lt

25 1094 164 1164 prompte
184 1077 302 1140 lactum
320 1076 373 1152 eil,
394 1021 574 1160 iirnctiaque
596 1077 732 1160 navigiis
749 1081 922 1144 salutarunt
939 1081 990 1142 in·

26 1163 139 1234 ricem,
169 1173 203 1222 et
224 1159 263 1222 ab
280 1159 470 1222 Domitianis
484 1159 643 1220 Antonius
665 1167 817 1240 Imperator
836 1161 990 1224 adelama-

25 1257 71 1304 tua
84 1237 144 1316 cll,
166 1241 221 1302 rix
235 1241 413 1324 recipiente
432 1241 567 1300 animum
583 1240 713 1312 Planco,
734 1241 910 1312 Domitium
924 1244 990 1304 An-

25 1325 126 1386 tonius
145 1343 232 1382 auam
251 1323 283 1383 in
302 1341 412 1382 navem
431 1319 573 1400 adcepitt
595 1342 653 1382 una
679 1343 718 1384 ue
736 1325 888 1386 Palointa
910 1325 990 1402 (Va-

24 1405 126 1465 letium
153 1401 245 1464 inille
268 1401 521 1486 eoepicabomur)
547 1342 785 1483 procelierunt,
814 1403 869 1466 ubi
894 1402 991 1466 callra

25 1486 197 1546 Domitiana
219 1495 319 1544 erant.
358 1483 509 1578 callitque
530 1481 733 1546 tabernaculo
749 1485 910 1549 Domitiae
930 1485 990 1547 im·
1046 1493 1050 1501 “

25 1565 181 1650 peratori3
203 1579 236 1626 et
255 1563 329 1626 hinc
345 1563 553 1626 Brundusium
577 1563 666 1626 itum.

78 1713 177 1776 xvtt.
205 1709 354 1792 Quinque
374 1707 524 1770 cohorter
543 1709 687 1772 Caesaris
705 1713 834 1776 nomine
851 1713 989 1774 Brundi·
1018 1701 1152 1784 ,tactatur

27 1795 100 1855 aium
119 1791 325 1854 obtinebant:
348 1811 404 1852 cae
427 1807 536 1932 portus
557 1791 738 1854 clauserunt
757 1795 901 1878 utrique,
923 1795 988 1854 Do·
1002 1797 1173 1916 atl’eaapap'or

27 1876 140 1936 mitium
161 1887 195 1933 ut
215 1887 355 1934 veterem
374 1871 428 1934 ltol
444 1893 512 1945 em,
544 1873 715 1932 Antonium
737 1887 771 1934 ut
792 1873 895 1936 helles
914 1897 989 1936 euos
1005 1867 1120 1944 cmm,
1135 1869 1172 1916 Ἰ·

27 1955 228 2016 adducentem
251 1951 399 2014 aversati.
441 1953 512 2014 IIoc
533 1953 588 2012 ille
610 1968 695 2014 ratus
714 1955 860 2016 Caesarie
879 1935 1165 2016 cotun-'⁸⁸1⁴‘m'

27 2049 85 2098 tate
100 2035 229 2106 iactum,
252 2033 378 2096 obsedit
393 2033 520 2110 urbem;
547 2034 579 2094 in
597 2034 713 2116 lingua,
736 2057 899 2120 perquam
912 2057 992 2097 con-

28 2119 133 2178 tinenti
154 2117 351 2186 adnectitur,
374 2114 482 2175 Iollam
501 2133 687 2196 murumque
706 2118 853 2177 molitus:
881 2131 928 2186 et,
950 2139 991 2178 ne

28 2201 98 2259 utari
117 2199 233 2258 auxilia
254 2196 516 2268 immitterentur,
546 2196 657 2256 crebra
677 2198 795 2258 circum
816 2213 940 2280 portum
960 2213 996 2258 et

29 2283 219 2362 propinquas
247 2279 364 2338 insulas
391 2274 512 2338 callella
535 2276 695 2337 excitavit.
737 2279 800 2340 Sed
822 2293 992 2362 etoppor·

29 2375 92 2420 tuna
116 2359 150 2420 in
180 2360 274 2419 litore
296 2359 365 2419 loca
390 2355 560 2438 praesidiis
584 2359 688 2438 cepit:
724 2359 917 2442 Sextumque
938 2357 994 2419 ad-

30 2439 165 2502 hortatus
184 2437 243 2511 ell,
267 2451 298 2499 ut
316 2437 553 2522 expeditionem
574 2437 695 2500 laceret
715 2439 746 2498 in
761 2439 891 2502 Italiam.
922 2441 992 2512 Illo,

32 2524 150 2603 pariens
172 2520 360 2591 occasione,
390 2519 598 2580 Metrodorum
622 2539 691 2580 cum
714 2521 896 2604 legioniba·
918 2541 994 2606 qua-

31 2615 95 2664 tuor
113 2616 145 2664 et
167 2621 275 2684 magna
294 2601 386 2664 claffe
405 2601 437 2658 io
454 2599 628 2676 Sardiniam
647 2602 749 2662 misit:
781 2601 925 2686 duaeque
948 2603 993 2662 le·

31 2685 134 2766 gionea
152 2683 318 2756 Caesarie,
351 2701 430 2762 quae
453 2679 584 2740 insulam
605 2679 837 2755 custodiebant,
859 2703 994 2746 concen-

31 2767 145 2826 aionem
172 2763 303 2825 Antonii
332 2783 401 2823 curu
434 2761 586 2844 Pompeio
621 2765 796 2834 reveritae,
829 2763 862 2824 in
886 2777 995 2847 parter

32 2847 227 2907 munierunt.
261 2845 392 2904 Interim
408 2841 574 2924 Sipontum
590 2841 627 2901 ad
643 2843 819 2904 Ausonium
835 2845 995 2906 maredo·

32 2927 130 2988 tonino
152 2925 249 3007 cepit.
293 2927 409 2987 Sextus
432 2923 556 3006 etipse
578 2924 789 3007 transgrelluc
811 2926 844 2987 in
862 2925 994 2997 ltaliam,

32 3008 226 3070 Consentiam
251 3005 377 3068 obsedit
399 3018 434 3066 et
452 3003 602 3072 Thurina.

83 3141 201 3202 xvttt.
231 3138 365 3208 Caeaar,
396 3135 447 3200 laia
465 3135 600 3204 auditio,
629 3133 667 3193 P.
683 3131 852 3194 Servilium
865 3131 993 3194 Rullum
1022 3137 1133 3192 Aaron

34 3219 75 3280 ire
90 3219 297 3296 Brundisium
318 3218 421 3294 jullit3
450 3223 493 3280 tt.
509 3215 680 3298 Agrippam
702 3213 733 3272 in
749 3213 939 3285 Ausoniam,
960 3209 1165 3282 utstrmtm·

34 3301 158 3364 olnellie
183 3301 423 3362 auxiliarentur.
473 3297 536 3361 Sed
558 3298 632 3356 nori
651 3295 777 3366 coloni,
806 3295 878 3377 qui,
906 3293 994 3356 velat

35 3382 179 3446 adrereua
195 3381 400 3462 Pompeium,
424 3380 636 3462 sequebantur
650 3377 843 3460 Agrippam,
864 3374 918 3436 ubi
935 3373 994 3434 du-

35 3465 61 3526 ci
78 3479 187 3526 contra
209 3463 379 3524 Antonium
403 3473 586 3527 censerunt,
616 3458 693 3517 clam
717 3469 920 3518 reverterunt
936 3453 993 3516 do·

34 3563 104 3606 moa.
137 3547 241 3628 Igitur
256 3545 372 3604 Caesar
390 3543 461 3626 ipae
481 3540 643 3626 prolectua
661 3537 823 3598 blanditiis
839 3549 871 3598 et
887 3549 993 3598 aucto-

34 3613 119 3686 ritaie
137 3623 294 3708 pervicit,
325 3637 358 3686 ut
375 3637 604 3706 aequarentur:
633 3620 783 3702 ibantque
802 3617 869 3690 illi,
890 3637 926 3678 re
939 3613 996 3678 ¹aiu

34 3704 111 3768 iuter
134 3728 170 3771 ae
190 3706 364 3770 clanculum
384 3705 581 3788 compotita,
603 3721 632 3759 ut
655 3722 682 3760 m
699 3705 816 3782 glutiam
837 3697 995 3760 reducerem

35 3785 222 3864 imperotores:
246 3799 290 3868 Jtn
331 3806 360 3847 er
379 3789 524 3848 Atttotutam
539 3779 671 3860 sirtille,
699 3801 750 3860 qno
773 3783 859 3840 atinus
877 3781 994 3838 rccottci-

33 3861 101 3926 lietio
112 3863 205 3952 fieret,
224 3883 282 3940 tom
298 3808 343 3927 iio·
358 3867 515 3948 dignitatem
532 3851 651 3945 Coclitis
661 3861 765 3946 fiammae
778 3879 825 3942 ope
840 3878 992 3920 teneatur.
1067 3840 1081 3866 ⁸

42 3997 364 4020 ——-——-

51 4075 125 4153 ‚Gap
144 4075 220 4159 Iyl.
241 4072 357 4132 claren.
376 4071 443 4128 Ital.
462 4072 528 4154 Ant.
548 4071 574 4138 I,
592 4068 631 4126 ri.
657 4065 784 4142 Ippiter.
819 4064 892 4136 cap.
902 4058 994 4116 xvt1.

30 4137 88 4202 Ilto.
105 4147 230 4220 oppon.
262 4141 336 4216 Gap.
354 4141 462 4204 xvut.
480 4143 548 4196 Duo.
570 4135 695 4214 duplata.
