2654 4682
347 293 388 356 aa
429 291 630 359 naaman.
644 283 1298 360 surrnannrroncnmanxxvt

882 415 1309 466 -···--···-··†

126 489 129 505 Ι
206 536 214 552 ·
231 514 258 554 ⁰·
274 499 336 568 7⁰4·
350 501 457 564 natori
470 499 524 564 tir
536 501 654 586 ingens
666 497 775 571 animi,
798 511 831 562 et
848 498 997 560 fortunae
1016 517 1093 559 auae
1113 509 1232 566 ennom
1245 497 1303 558 cell

204 605 213 626 ·
231 571 266 656 ,θ’
278 570 323 638 43·
349 597 534 667 reputans,
553 585 635 666 ‚Quid
651 585 739 652 ernas,
761 576 889 664 inquit?
914 578 1055 659 Crederem
1068 581 1152 640 vetis.
1197 578 1251 640 Ad
1263 579 1293 638 ha

348 687 462 740 rocem
481 661 629 728 attonitis
648 662 816 740 omnibus,
838 677 870 730 et
890 680 1014 734 summo
1035 673 1154 724 conatu
1170 659 1299 721 intende

347 749 435 812 tibus
450 768 582 819 nervos,
606 743 717 808 ollium
731 753 917 828 superatum
929 740 987 805 est:
1001 732 1245 826 nequidquam.
1264 763 1298 804 re

346 843 400 892 tus
419 829 506 892 enim
524 827 661 892 subinde
681 827 720 888 ad
738 827 815 889 litus
835 825 1004 906 rejiciebat
1023 824 1186 900 lembum3
1220 823 1297 885 done

346 912 455 988 vicina
476 910 539 990 jam
560 909 808 982 lucefitimenti
826 907 1055 992 gubernatori,
1078 925 1119 967 ne
1140 906 1181 968 ab
1201 903 1298 967 hollib

346 993 637 1078 conspicerentur,
661 991 781 1054 Caesar
802 988 1007 1062 invitiliimus
1021 987 1140 1050 'redire
1159 988 1302 1071 permisit

176 1087 335 1184 putassem
409 1099 512 1164 XXV.
533 1097 618 1183 Quia
637 1110 743 1159 tamen
764 1096 897 1160 omnino
914 1093 1099 1158 laciendum
1117 1093 1302 1178 putabat,n

149 1170 335 1252 ''fflffmmffi
348 1181 454 1243 donec
472 1180 735 1254 vehementiores
753 1178 843 1240 venti
861 1178 972 1250 effect,
998 1178 1171 1238 transitum
1182 1190 1300 1240 tentare

147 1239 420 1362 'dammum'
442 1262 505 1324 hoc
521 1263 658 1324 maxime
672 1260 793 1322 auxilio
804 1257 1006 1356 perrupturi,
1029 1279 1112 1343 qnos
1129 1260 1165 1320 in
1185 1273 1279 1342 tranq
1299 1261 1304 1272 '

153 1375 240 1443 pm,
321 1337 334 1353 '
347 1345 381 1406 lo
399 1345 479 1405 mari
497 1357 621 1406 eertum
638 1342 677 1404 ab
694 1341 941 1405 inllructillimrs
957 1339 1092 1403 hollimn
1107 1339 1260 1404 elallibus
1275 1363 1305 1404 ex

232 1410 251 1451 ³
347 1427 428 1488 tium
449 1425 597 1488 manebat
606 1449 616 1505 3
648 1422 845 1486 Postumium
867 1423 901 1484 in
921 1423 1043 1486 ltaliam
1064 1422 1155 1484 misit
1176 1443 1289 1488 cume

346 1505 435 1570 stolis
455 1507 712 1571 severioribus·
733 1507 852 1568 Plures
870 1505 957 1577 enim
977 1503 1131 1576 dederat,
1156 1519 1214 1581 ut,
1239 1447 1306 1568 sid

346 1589 476 1664 binius,
499 1603 554 1652 eut
569 1587 750 1660 Antonius,
774 1601 829 1650 aut
841 1587 982 1650 lielenus
1001 1599 1252 1660 cunctarentur,
1272 1609 1306 1672 qu

300 1668 305 1679 ⁸
347 1671 408 1733 bus
430 1687 522 1734 erent
540 1673 671 1756 priores
689 1669 865 1750 tradendae
885 1669 1019 1743 literae,
1041 1669 1229 1732 Pollumiua
1248 1670 1299 1730 lnb

347 1767 418 1828 ret,
442 1775 521 1840 quas
542 1755 699 1817 exhibere
721 1752 881 1814 militibus
901 1753 1023 1836 pollet,
1055 1752 1175 1836 quibus
1199 1773 1298 1814 eumt

348 1837 423 1920 qui,
447 1849 608 1922 quotquot
629 1833 816 1910 voluillent,
837 1834 1042 1916 jubebantur.
1085 1834 1299 1918 Imperabata

347 1931 433 1992 tem,
456 1933 564 2000 quartae
578 1931 679 2000 portus
696 1917 912 1999 odflrdverjdrr'is
930 1918 1111 1990 tenebuntur,
1133 1939 1167 1984 ur
1179 1921 1219 1976 ud
1232 1919 1309 2002 tlprlll

346 2004 464 2060 ardutium
484 2000 570 2060 litora
587 2003 717 2082 ejicermt
736 2019 836 2059 stanes:
858 2017 952 2058 rerem
963 2003 1081 2079 jactura
1095 2000 1126 2078 se
1142 1997 1215 2059 nibil
1232 2020 1282 2058 com

346 2085 426 2160 vrri,
448 2082 527 2142 mado
545 2089 618 2142 uiros
636 2080 748 2152 lrabeat,
770 2101 898 2160 perquer
914 2080 1026 2160 adipisci
1042 2077 1121 2161 pofflt
1136 2083 1241 2142 mairia.
1280 2081 1300 2140 C

345 2176 453 2226 terum
473 2164 649 2237 Gabinius,
679 2160 903 2246 enavigando
925 2159 1124 2236 abhorrens,
1155 2163 1257 2248 longo
1276 2163 1301 2224 ci

346 2248 468 2308 cumitu
492 2266 552 2330 per
574 2247 736 2329 illyricum
761 2245 894 2328 copias,
917 2245 1035 2328 quibus
1055 2260 1229 2328 praeerat,
1258 2243 1305 2306 inlt

304 2398 308 2407 ,
345 2328 409 2388 tuit
426 2328 557 2390 ducere.
600 2327 761 2392 Antonius
782 2326 968 2389 etllelenus
989 2327 1192 2469 potiuscum
1214 2329 1282 2412 peri

344 2405 379 2468 lo
403 2407 588 2471 tentandum
607 2409 741 2470 brevius
763 2409 827 2470 iter
848 2406 988 2470 existima
1014 2423 1085 2480 ant,
1109 2432 1207 2494 quam
1226 2409 1289 2470 adi

344 2491 474 2573 perium
495 2503 527 2552 et
544 2491 763 2554 nereditatem
780 2491 930 2553 Caesaris
950 2485 1067 2554 serius
1079 2511 1269 2555 occurrere.

344 2582 416 2635 erat
440 2591 560 2636 summa
586 2573 725 2636 militum
748 2573 917 2646 alacritas,
947 2588 981 2636 et
1006 2574 1045 2636 ad
1068 2577 1244 2637 Caesarem
1266 2595 1299 2656 pr

258 2655 260 2661 ’
343 2653 516 2718 ficissendi
536 2657 652 2734 ardor3
676 2675 790 2718 eorum
810 2657 925 2730 etiam,
949 2657 1004 2742 qui
1025 2655 1134 2741 paullo
1153 2671 1230 2719 ante
1249 2655 1300 2718 sel

343 2737 481 2800 boribus
499 2740 622 2801 [raetos
641 2737 742 2820 objici
761 2739 938 2822 periculis,
967 2751 1084 2822 quante
1101 2738 1272 2802 lirroilIimi
1286 2757 1309 2818 ι1

237 2855 243 2865 =
345 2819 503 2885 sullinero
521 2823 664 2908 pollent,
689 2834 782 2886 erant
799 2819 911 2906 quelli.
952 2817 1071 2918 Quare¹
1083 2823 1221 2886 minimo
1241 2839 1298 2902 neg

344 2905 393 2964 tio
415 2919 651 2989 persuaserunt
671 2905 713 2968 iis
737 2905 858 2978 duces,
892 2918 945 2979 ut,
975 2903 1092 2967 Aullro
1112 2901 1235 2980 flante,
1265 2921 1297 2965 co

346 2987 544 3051 scanderent
559 3007 678 3062 naves,
702 2979 804 3074 aeqde
823 2984 975 3052 fluctibus
994 2988 1175 3052 traderent.

163 3100 332 3184 ldqursqree·
407 3095 524 3160 xxvt.
558 3095 743 3160 lnterlraec
763 3097 959 3181 Pompeius,
990 3110 1042 3170 nt,
1069 3095 1260 3179 priusquam
1284 3091 1309 3166 al

156 3170 332 3239 lllsfll‘lm·
348 3179 470 3240 etiores
491 3180 605 3263 copiae
623 3180 773 3247 Caesaris
791 3177 925 3256 fierent,
949 3193 1127 3264 pugnaret,
1154 3178 1272 3238 iterum
1288 3173 1309 3258 lt

285 3277 291 3289 ·
346 3259 493 3325 structam
514 3263 616 3322 aciem
634 3261 847 3324 transducere
865 3275 1020 3334 conatus,
1045 3261 1179 3344 incepto
1205 3276 1300 3342 repen

265 3387 269 3398 .
347 3341 485 3416 dellitit,
507 3344 714 3440 ringentibus
733 3343 882 3406 omnibus
894 3359 958 3426 „ret
976 3342 1230 3428 pulcherrimam
1250 3359 1285 3400 oe

347 3425 474 3487 sionem
501 3423 621 3488 dimitti
648 3425 851 3504 jactantibus.
904 3425 972 3488 Sed
996 3423 1175 3487 deterritus
1201 3421 1309 3508 advers

347 3507 456 3569 omine
481 3507 606 3580 luerat,
640 3507 715 3591 quia
739 3507 804 3570 duo
831 3508 953 3570 milites
976 3507 1091 3571 vadum
1115 3517 1276 3568 tentantes
1296 3521 1309 3574 a

347 3589 542 3652 Caesariano
571 3595 636 3651 uno
663 3603 755 3653 erant
779 3589 982 3675 interempti.
1028 3595 1174 3672 Namque
1197 3585 1298 3650 felicit

347 3671 496 3734 Caesaris
520 3673 646 3744 omnia,
679 3672 776 3753 etiam
799 3685 924 3736 temere
946 3685 1079 3756 coepta,
1109 3671 1144 3732 in
1165 3667 1282 3731 bonum
1308 3729 1309 3744 χ

346 3753 505 3816 vertebat.
547 3757 659 3837 ltaque
683 3769 717 3816 et
739 3755 977 3817 audacillimum
1002 3755 1071 3834 ejus
1094 3733 1263 3835 coepttim,
1288 3747 1309 3832 lq

348 3835 464 3919 giones
481 3833 620 3899 hiberno
639 3838 719 3898 mari
735 3835 971 3918 transjiciendi,
992 3856 1057 3898 non
1074 3835 1255 3898 incolumes
1271 3845 1309 3891 mt

351 3949 466 3962 ...ι-

277 3975 279 3990 ¹
324 4012 329 4024 ³
382 3995 457 4066 Gap.
470 3949 841 4070 nnlv‘ldminpopmh.
860 3995 946 4050 Rom.
965 4005 995 4050 et
1012 3996 1097 4052 (laea.
1121 3993 1193 4049 Dio.
1212 3989 1309 4064 Appio

347 4063 431 4120 Flor.
467 4065 540 4137 Cap.
554 4067 644 4121 XXV.
668 4068 754 4124 Gaas.
771 4067 900 4140 Appias.
919 4063 1152 4136 clesasppiau.
1175 4065 1259 4121 Caes.
1277 4059 1309 4128 ll

372 4133 431 4187 lan.
456 4135 532 4191 l’lut.
555 4135 664 4190 laton.
683 4137 812 4262 Appiam
833 4137 917 4192 Gaea.
937 4133 1015 4190 Plut.
1033 4135 1118 4192 Care.
1142 4135 1228 4190 Gaea.
1262 4131 1309 4198 (lep

377 4203 456 4261 xvl.
474 4203 601 4280 Appiae.
619 4205 688 4265 Dio.
730 4203 790 4263 aes.
808 4249 811 4254 .
1047 4255 1049 4260 .
1308 4207 1309 4250 l
