2658 4686
176 312 223 378 m
244 309 396 376 toccu
416 315 499 378 xrs.
522 313 680 382 cxxxv.
702 315 820 385 trvrr.
923 319 985 399 7²5
1008 378 1011 384 .

27 519 214 605 expenderet,
252 523 500 608 conscripserat.
554 523 773 588 Succefforem
794 526 981 588 nominant
1013 533 1047 590 U.
1061 551 1088 591 n.
1099 549 1159 602 pap.

27 603 175 674 neminem,
199 603 440 676 admirantibus,
463 604 518 688 qui
538 605 726 668 Marcellum
748 627 815 668 eam
832 607 865 668 in
890 629 981 692 spem
1012 605 1142 660 Αιῦιπὸ·
1179 659 1182 668 .

27 685 130 746 educari
156 685 372 763 conjecerant.
416 687 575 748 Antonius
605 701 709 748 autem
735 689 849 761 Musa,
883 711 981 772 quum

27 764 262 828 destillationibus
280 770 423 831 vitiatum
442 769 532 848 jecur
554 767 667 829 calidis
684 767 837 830 lomentis
852 791 914 832 non
933 769 984 851 ju·

27 849 141 919 vehatur,
165 849 235 910 anci
263 850 337 912 item
356 851 513 912 rationem
530 849 682 912 medendi
700 852 875 913 neceffario
895 872 984 914 com-

28 931 132 1012 plexus,
153 873 285 1014 frigidis
302 953 374 994 eum
394 933 531 994 lavacris
552 930 824 1016 potionibusque,
855 949 888 994 et
902 935 983 996 mul-

28 1025 51 1070 to
70 1011 197 1071 lactucae
221 1034 300 1086 usu,
333 1011 479 1076 rellituit.
522 1016 588 1073 Pro
613 1013 676 1074 hoc
704 1014 822 1076 morito
853 1015 984 1076 multam

27 1091 66 1151 lic
84 1092 234 1154 Antonius
256 1108 288 1156 at
315 1096 353 1158 ab
383 1109 495 1156 senatu
517 1108 550 1156 et
575 1093 613 1154 ab
631 1094 771 1176 Augusto
794 1097 981 1178 pecuniam,

28 1191 80 1232 cun
97 1173 311 1250 immunitate,
333 1196 397 1239 non
420 1175 484 1238 sibi
502 1189 640 1246 tantum,
665 1175 771 1238 sedet
789 1177 861 1239 aliis
881 1176 985 1242 medi·

27 1255 105 1314 cinam
125 1255 333 1328 iacientibus,
356 1261 597 1342 inperpetuum
620 1255 771 1332 decreta,
793 1257 936 1320 abstulit.

72 1381 202 1444 xxvttt.
233 1385 280 1444 Na
301 1396 404 1444 tamen
424 1382 503 1444 artis
518 1380 743 1464 experimento
761 1380 893 1440 nimium
912 1383 985 1462 glo·
1018 1397 1165 1455 Mamer„

28 1459 158 1534 riantur,
183 1483 246 1524 non
272 1465 371 1526 multo
395 1461 463 1548 post
480 1463 673 1534 Marcellus,
698 1462 736 1524 ab
757 1461 871 1524 eodem
893 1465 1125 1524 Mussmsra'tsr.

29 1543 104 1602 simili
130 1544 278 1606 methodo
304 1559 452 1618 curatus,
482 1546 516 1606 in
533 1543 652 1622 Baiano
673 1565 731 1608 suo
756 1544 838 1605 intra
860 1543 985 1608 duode-

27 1624 186 1686 vicesimam
202 1627 314 1689 aetatis
336 1647 451 1694 annum
475 1626 565 1690 obiit.
588 1625 661 1688 Hoc
683 1641 745 1688 tam
765 1625 914 1686 acerbum
936 1625 984 1686 fa-

28 1717 93 1776 lum,
130 1721 160 1770 et
177 1693 268 1791 prius
289 1717 418 1792 quoque
440 1729 552 1792 parum
571 1705 715 1769 eonllans
731 1707 878 1769 Marcelli
896 1707 984 1770 vale-

28 1785 102 1857 tudo,
129 1790 210 1872 plani
234 1788 397 1870 cujusdam
420 1788 571 1850 audaciae
589 1789 731 1852 colorem
748 1789 916 1872 praebuit,
948 1809 984 1852 se

27 1866 137 1928 Octavia
153 1884 257 1931 natum
274 1871 465 1934 adserentis.
506 1874 586 1932 Nam
605 1891 657 1941 se,
681 1884 817 1954 propter
831 1891 985 1933 summam

29 1951 152 2030 eorporis
175 1952 447 2022 imbecillitatem,
478 1952 517 2012 ab
543 1970 602 2023 eo,
632 1953 684 2014 eui
709 1951 800 2013 datus
824 1941 903 2012 ellet
925 1974 985 2012 nu-

28 2031 168 2100 triendus,
200 2047 379 2106 retentum,
416 2029 586 2094 substituto
607 2054 696 2094 suum
715 2033 747 2092 in
766 2033 873 2103 locum
893 2033 987 2096 illius

27 2107 88 2170 lilio.
127 2113 188 2176 Sed
204 2115 284 2177 haee
303 2114 359 2175 diu
383 2113 452 2198 post
479 2113 679 2176 adcidernnt.
721 2117 804 2174 Tum
823 2133 904 2174 vero
926 2137 987 2198 pu·
1010 2169 1014 2177 .

27 2189 94 2252 blico
114 2193 240 2268 sunere,
277 2195 315 2256 sd
341 2195 427 2278 quod
446 2195 591 2258 sexcenti
616 2195 691 2256 lecti
714 2195 797 2256 intra
821 2194 986 2256 civitatem

27 2271 130 2346 ierunt,
159 2279 281 2362 ingenti
304 2297 374 2340 cum
398 2278 501 2359 gloria
543 2297 700 2362 ompsque
717 2277 833 2338 elatum
852 2275 884 2334 in
902 2289 986 2338 cam-

27 2373 57 2434 po
67 2359 275 2438 sepeliendum
285 2359 409 2420 curavit
420 2299 595 2442 Augudus3
619 2359 753 2440 ejusque
769 2357 986 2420 laudationem

27 2439 82 2516 ipse
97 2441 226 2519 pererit.
254 2442 375 2503 Civitas
393 2439 461 2519 ejus
483 2453 619 2502 mortem
637 2440 847 2501 vehementer
868 2437 983 2514 doluit,

27 2517 95 2598 quod
111 2487 311 2583 adfabilitatis
330 2535 363 2583 et
378 2523 587 2618 ingenuarum
605 2521 760 2583 virtutum
782 2542 800 2582 o
826 2519 981 2594 inionem,

27 2599 185 2680 lrugalitate
203 2618 235 2664 et
249 2603 446 2666 continentia
462 2604 495 2664 in
513 2601 566 2664 illa
582 2615 684 2663 aetate
697 2617 729 2663 et
745 2544 982 2684 opibusadnai-

27 2680 122 2750 rabili,
149 2683 228 2745 haud
254 2685 400 2766 exiguam
429 2683 491 2746 sibi
518 2697 767 2767 comparaverat.
813 2683 915 2750 Sane,
946 2695 982 2746 ut

27 2761 159 2843 legalius
176 2785 245 2827 eum
264 2766 385 2850 populo
402 2765 661 2836 commendaret,
691 2776 822 2847 praeter
840 2763 918 2826 alias
934 2764 981 2824 in-

27 2859 120 2922 gentes
139 2867 281 2920 summas,
306 2869 383 2930 quas
403 2846 473 2926 ejus
489 2847 620 2908 nomina
638 2846 865 2928 insumpserat,
889 2845 981 2927 paul·

27 2925 49 2982 lo
68 2939 133 2987 ante
151 2929 182 2988 in
207 2927 274 3006 ejus
295 2929 459 2992 aedilitate
490 2926 701 2990 celebrandos
721 2939 891 2988 curaverat
914 2947 981 2987 ma-

27 3005 274 3084 gnificentill‘smos
292 3010 407 3084 ludos,
436 3011 553 3094 quibus
575 3021 607 3071 et
624 3029 724 3093 eques
741 3009 923 3083 Romanus,
947 3021 981 3070 et

27 3101 145 3150 matrona
160 3092 275 3152 nobilis
294 3093 423 3153 mimum
441 3094 525 3176 egita
549 3105 592 3160 et,
613 3111 709 3233 spuurn
722 3088 820 3150 sellas
832 3091 981 3171 praefer-

27 3167 82 3226 vida
104 3171 271 3244 incidillet,
294 3173 377 3234 velis
395 3174 593 3234 inumbraret
633 3191 743 3241 orum,
767 3185 802 3232 ut
819 3172 981 3232 salubrius

27 3245 163 3330 litigantes
180 3253 399 3316 consiliarent.
441 3253 618 3316 Memoriae
641 3252 791 3314 traditum
811 3251 871 3324 all,
903 3255 981 3316 Vir-

27 3329 90 3408 gilio
111 3337 252 3396 carminis
278 3338 328 3398 sui
353 3349 475 3419 partem
493 3333 666 3420 aliquando
690 3334 868 3404 recitante,
916 3333 981 3396 uod

27 3411 155 3476 Marcello
171 3417 348 3500 sepulcrale
372 3439 486 3500 magno
513 3417 608 3502 operi
628 3415 786 3482 inseruit,
809 3355 983 3497 Augdllum

27 3504 49 3550 et
65 3492 215 3558 Octaviam
232 3519 310 3582 prae
328 3499 428 3563 nimio
442 3497 520 3563 lletu
540 3499 593 3560 vix
610 3497 745 3568 duralle,
769 3493 873 3558 donec
890 3498 983 3559 locus

27 3571 231 3642 absolveretur.
274 3581 324 3642 Ad
349 3581 535 3643 leniendum
559 3577 678 3642 deinde
696 3581 843 3650 luctum,
873 3580 984 3641 colen-

27 3650 139 3740 damque
155 3661 365 3726 adolescentis
381 3663 586 3736 memoriam,
618 3659 760 3724 bonores
779 3659 812 3722 ei
837 3657 982 3734 decreti,

27 3779 332 3804 ὴ-Ἇ--ι

53 3845 115 3919 cap.
130 3850 245 3911 xxvn.
272 3839 547 3924 Suatoi.Au3·81.
569 3860 599 3905 a
612 3849 681 3906 oto.
708 3847 783 3903 etta.
804 3866 845 3916 ιο,
860 3848 888 3904 a.
914 3847 982 3902 nto.

27 3911 221 4044 rner-
242 3919 614 4057 vestustae·
629 3915 985 4042 extranea

27 4016 95 4120 V'irp.
107 4056 170 4111 len.
181 4011 324 4130 baddps.
343 4069 372 4114 et
387 4030 430 4116 ibi
441 4061 526 4115 Serv.
543 4027 824 4136 orofraqspna,
834 4060 877 4136 ps.
897 4053 984 4108 Serv.

27 4117 494 4272 llll22⁰il322⁶‡1,f,⁰¹iiss⁸d
505 4129 600 4184 Mare.
616 4141 642 4180 e.
657 4143 686 4180 a.
710 4125 775 4178 Dio.
798 4121 874 4178 Plau.
894 4139 936 4194 ις,
958 4138 984 4176 ι.
