2688 4698
322 267 383 342 740
432 246 633 326 rnbtnsa.
649 258 1148 326 smrnnnanronuarn...
1163 263 1218 325 ct.
1334 341 1335 420 p

323 394 1300 430 ....-..........-....,-.-....-..
1334 421 1335 440 ,

323 465 1006 631 carmenrannac
1023 469 1311 610 tarrae·

182 565 190 583 ·
226 565 234 582 ·
283 566 292 588 ·
339 573 354 608 r
452 573 471 608 ιι
1088 572 1132 610 nu
1295 587 1310 602 ·

212 706 215 712 ,
323 632 403 693 tium
413 651 433 708 3¹
446 648 560 712 quem,
582 628 774 690 Alexandria
787 644 898 712 capta,
921 632 1041 691 Caesar
1054 569 1189 692 lionam
1210 631 1313 690 addo·

321 725 423 774 xerat.
465 711 567 794 Igitur
590 711 708 772 Caesar
728 711 877 792 privigno
904 730 963 772 suo
983 710 1034 770 Ti.
1057 713 1183 774 Neroni
1203 732 1311 792 nego-
1334 701 1335 766 l

321 793 400 854 tium
416 790 451 852 id
476 789 646 870 permisit,
669 789 829 852 Archelao
844 811 974 876 quoque
992 793 1139 864 munito,
1161 807 1199 854 ut
1217 793 1313 868 adju·

276 917 282 932 ,
320 887 422 936 varet.
467 870 543 941 Sed,
566 872 752 955 priusquam
772 871 805 932 hi
820 873 993 956 quidquam
1010 874 1219 944 molirentur,
1243 877 1335 950 aa}

320 954 420 1016 taxiaa
446 951 521 1013 dolo
547 954 663 1035 propin
691 973 802 1014 uorum
823 956 951 1016 occisos
979 951 1032 1014 ett.
1074 956 1231 1014 Tiberina
1252 955 1311 1012 Ti·
1334 991 1335 994 =

321 1037 412 1118 grani
433 1037 564 1094 vacuam
585 975 805 1129 pollellionem
829 1035 923 1117 regni
939 1033 1094 1106 tradidit,
1125 1035 1312 1096 diademata
1334 1019 1335 1100 l

322 1136 383 1198 pro
406 1114 559 1176 tribunali
584 1115 748 1196 imposito.
791 1116 1050 1198 supplicationes
1081 1115 1128 1176 ob
1146 1116 1229 1177 haec
1254 1117 1335 1176 de„

320 1209 430 1258 cretae
450 1214 525 1277 spes
543 1195 759 1258 adolescentie
776 1193 946 1268 inllarunt,
983 1217 1059 1280 quas
1081 1217 1211 1279 nuper,
1236 1197 1313 1256 dum
1334 1187 1335 1252 l

319 1278 353 1338 in
369 1277 493 1358 Syriam
507 1277 684 1338 exercitum
701 1277 992 1358 perMacedoniam
1007 1277 1107 1344 ducit,
1123 1277 1212 1360 apud
1231 1278 1311 1338 Pbi-
1334 1329 1335 1344 ,

320 1359 431 1454 lippos
452 1371 645 1440 conceperat
656 1379 666 1436 3
703 1379 798 1440 quum
821 1381 892 1432 ara,
923 1360 1079 1442 quondam
1101 1357 1142 1418 ab
1165 1361 1312 1419 Antonio

241 1466 247 1478 ·
321 1437 512 1500 victricibus
530 1439 562 1500 in
585 1437 693 1499 calicis
711 1440 836 1521 posita,
859 1439 1007 1500 adolente
1022 1440 1165 1512 nemine,
1191 1441 1311 1500 subitis
1334 1455 1335 1466 ³

320 1520 456 1602 ignibus·
470 1519 657 1582 colluxiffet.
681 1521 814 1603 Jamque
829 1521 998 1582 crescendi
1012 1521 1198 1582 facultatem
1211 1535 1247 1580 et
1264 1521 1310 1580 vi·
1334 1559 1335 1580 ι

320 1602 422 1662 tricus
449 1600 561 1673 dabat,
593 1601 778 1686 legionibus
811 1601 1056 1686 provinciisque
1088 1595 1335 1683 praeficiens,l

321 1695 354 1744 et
369 1683 482 1743 relicta
497 1703 556 1764 per
571 1683 693 1765 aliquot
707 1702 807 1742 annos
823 1683 958 1744 orientis
973 1702 1060 1744 cura.
1077 1703 1142 1764 quo
1159 1697 1310 1765 tempore

321 1775 354 1824 et
370 1763 548 1846 Tigranes,
582 1765 851 1835 Armenicum,
875 1778 908 1825 et
925 1765 1024 1824 liberi
1044 1761 1135 1841 ejus,
1158 1785 1258 1846 quum
1278 1766 1310 1822 in

320 1863 456 1927 regnum
474 1858 569 1928 atque
580 1845 817 1906 matrimonium
835 1847 993 1928 Aegyptio
1008 1865 1099 1904 more
1119 1846 1237 1906 sociati
1259 1865 1309 1904 es·
1334 1869 1335 1896 ι

203 1927 204 1930 ’
321 1939 411 1996 sent,
440 1925 643 1986 interierant.
687 1929 768 1985 'l'um
789 1919 868 2004 julla
887 1923 1016 2009 Augusti
1037 1925 1196 1986 Tiberius
1216 1915 1335 1986 arn-³

319 2005 440 2068 vasden
453 2005 625 2102 imposuit:
652 2003 710 2067 sed
722 2005 793 2088 ipse
809 2027 936 2092 quoque
955 2007 1061 2088 paullo
1076 2004 1145 2087 poll
1163 2006 1311 2086 dejectus
1334 2003 1335 2092 ᾗ

321 2086 382 2160 eil,
416 2109 480 2148 non
501 2109 572 2149 arne
591 2085 681 2149 clade
703 2089 857 2150 Romana.
900 2089 1050 2150 Ceterum
1067 2087 1149 2149 haec
1170 2086 1311 2171 pollmo·

320 2167 395 2229 dum
410 2169 619 2232 ‘adciderunt
1334 2235 1335 2260 ,

150 2279 244 2333 anates
262 2247 301 2330 t..
381 2277 497 2338 XXVI.
521 2279 603 2338 Tum
624 2297 703 2341 vero
721 2274 900 2360 Augustus,
931 2279 1115 2342 exoriente
1134 2297 1311 2349 reversus,
1334 2273 1335 2348 l

133 2349 307 2420 Wlmctl·
321 2357 438 2418 iterum
456 2357 641 2420 hibernavit
664 2361 761 2429 Sami,
784 2359 1042 2444 libertatemque,
1064 2362 1205 2423 velutin
1226 2363 1335 2436 mer-l

133 2433 230 2472 ’Μ’
321 2435 433 2500 eedem
453 2437 606 2520 hospitii,
638 2441 753 2502 Samiis
772 2441 872 2502 dedit.
915 2448 982 2506 Nec
1000 2443 1046 2502 ibi
1070 2464 1133 2525 per
1156 2461 1260 2524 segne
1277 2437 1335 2498 c-l

320 2519 401 2580 tium
418 2517 598 2582 traductum
617 2535 743 2602 tempus
765 2521 818 2594 eil,
839 2522 1008 2586 multarum
1024 2525 1193 2584 nationum
1214 2542 1313 2614 regu·

320 2599 362 2662 lis
387 2620 426 2662 eo
445 2601 602 2684 legatisve
627 2596 874 2664 confluentibus.
919 2609 1018 2664 Tanta
1047 2605 1134 2666 enim
1167 2603 1313 2681 majeltas
1334 2605 1335 2664 l

322 2681 471 2743 Caesaris
490 2682 569 2753 fuit,
593 2697 627 2744 ut
645 2683 800 2764 Scythae,
824 2685 1052 2756 Garamantes,
1076 2700 1109 2746 et
1130 2683 1314 2753 Bactriani,

321 2776 470 2824 oratores
490 2761 530 2824 de
555 2763 690 2826 loedere
714 2765 888 2826 mitterent.
933 2767 998 2828 Sed
1014 2785 1093 2848 praa
1118 2767 1244 2828 ceteris
1263 2768 1335 2856 [ml

322 2843 394 2906 dica
413 2843 574 2906 celebrata
596 2845 715 2928 legatio
740 2843 803 2918 eli,
835 2847 1034 2910 aPandione
1056 2849 1145 2910 milla
1167 2861 1202 2908 et
1223 2847 1335 2910 Porol

322 2925 475 3006 regibus3
508 2945 643 3008 quorum
660 2926 741 2988 alter
762 2927 875 3010 utique
921 2927 988 2988 rius
1005 2929 1038 2988 in
1057 2943 1238 2989 extremum
1260 2911 1335 2998 us-l

323 3025 387 3088 que
402 3007 602 3068 occidentem
614 3007 775 3069 amicitiae
787 3023 883 3090 poten
907 3030 945 3071 ae
957 3011 1059 3070 cauffa
1071 3009 1111 3069 ad
1124 3005 1313 3090 Augullum,
1334 3003 1335 3078 l

258 3147 261 3154 ,
322 3085 358 3146 in
376 3087 530 3170 Hispania
551 3087 817 3169 belligerantem,
855 3091 1030 3173 legaverat.
1073 3091 1231 3152 Nicolaus
1251 3083 1335 3147 Da!

322 3187 510 3240 mascenus,
535 3169 591 3251 qui
611 3190 645 3230 se
663 3168 723 3229 bos
740 3169 853 3232 vidille
872 3171 1065 3234 Antiochiae
1085 3171 1222 3241 scribit,
1246 3177 1335 3229 tres*

321 3261 444 3310 tantum
461 3249 642 3333 pervenillo
665 3264 778 3311 auctor
794 3249 854 3324 eli,
886 3254 1011 3314 ceteris.
1022 3253 1054 3312 in
1078 3254 1203 3312 itinere
1227 3267 1335 3310 mor-1

260 3405 265 3412 ι
320 3329 397 3390 tuis.
420 3331 560 3412 plurium
572 3331 657 3392 enim
674 3332 796 3394 mentio
813 3329 908 3394 suebat
920 3333 952 3392 in
971 3334 1088 3404 literis,
1116 3354 1197 3416 quas
1212 3333 1313 3393 Grae·
1334 3335 1335 3350 ³

322 3429 362 3471 oo
376 3431 525 3472 sermone
541 3411 677 3492 scriptas
691 3411 871 3474 adtulerunt
883 3415 914 3472 in
927 3413 1013 3476 buno
1029 3435 1179 3474 sensum:
1202 3439 1220 3472 ιι
1232 3419 1311 3476 Poro
1334 3425 1335 3452 ³

321 3491 435 3548 scribi.-
462 3493 532 3563 orsi,
559 3495 684 3548 tametsi
701 3494 828 3564 regibus
845 3498 994 3550 sexcentis
1012 3498 1159 3562 imperet,
1188 3493 1314 3565 plurimi

324 3562 499 3616 amicitiom
508 3559 769 3632 fociottloesoris,
789 3567 953 3618 transitum
966 3565 1097 3620 datarus
1113 3565 1151 3627 ei,
1173 3581 1313 3633 numum·
1334 3611 1335 3618 ι

204 3677 210 3692 ,
322 3647 379 3701 que
394 3636 521 3704 perget,
550 3637 579 3686 et
596 3625 810 3701 adjutorusic
835 3631 969 3703 qualibet
986 3630 1074 3704 josto
1091 3633 1230 3704 negotio.
1334 3683 1335 3694 ,

358 3773 432 3842 Cap.
448 3771 536 3827 XXV.
564 3771 773 3844 Eutroleo.
801 3775 1045 3845 Supra,133,6l.
1073 3775 1185 3830 Euacb.
1202 3777 1311 3834 Cbron.
1334 3799 1335 3840 l

325 3841 451 3904 Strabo,
470 3839 491 3892 l.
511 3859 552 3908 ¹7·
572 3859 601 3911 p.
616 3841 678 3896 8²1·
707 3843 828 3912 Josepb.
845 3843 935 3908 ›5,5.
963 3843 1031 3905 Dio.
1060 3845 1226 3899 Tacbnn.
1243 3849 1312 3914 ηδ.

325 3911 407 3965 stret.
429 3907 459 3962 in
475 3909 586 3978 'rinp
613 3908 682 3964 Dic.
712 3913 834 3967 Sueton.
861 3909 930 3962 Tib.
951 3917 991 3974 rt.
1019 3910 1090 3964 Dio.
1118 3913 1198 3968 Vell.
1217 3934 1249 3979 s,
1272 3919 1301 3982 pt

323 3978 397 4048 Cap.
411 3977 515 4032 xxvt.
535 3979 605 4030 Tac.
624 3977 704 4052 Voll.
720 3971 791 4034 Tac.
811 3975 880 4034 Dio.
900 3977 1007 4032 Euseb.
1024 3979 1137 4035 claron.
1156 3982 1230 4036 Dio.
1245 3981 1313 4035 Sue·

324 4057 389 4099 ton.
406 4045 480 4116 llug.
498 4062 540 4098 ar.
560 4043 642 4105 Flor.
659 4051 685 4112 l,
699 4065 740 4100 rr.
762 4051 873 4100 Auctor
887 4043 925 4100 de
940 4045 1013 4103 viris
1027 4045 1133 4104 illustr.
1151 4050 1279 4122 Eutrop.
1292 4049 1311 4104 l.

322 4133 352 4183 7.
372 4114 460 4168 Oros.
474 4114 500 4182 6,
517 4130 561 4168 aa.
579 4113 688 4170 Euseb.
706 4115 817 4174 Chront
834 4111 904 4174 nio.
