2688 4698
881 193 890 230 l

219 253 780 328 tuuocuttt1u.cxt..utvtt.
854 301 884 338 ..
941 277 999 342 un
1092 209 1095 216 ’

523 393 995 414 ...anan-snm

33 467 180 548 ortisque
201 463 316 528 diebus
338 475 517 528 uterentur.
561 467 610 530 Ab
635 467 685 528 his
710 467 829 530 familia
849 467 995 550 publicas
1026 465 1064 524 11.
1076 481 1103 520 e·
1122 463 1184 533 945·

34 551 95 624 irca
119 560 235 628 portas
258 559 289 606 et
311 549 421 608 niuros
445 545 624 630 disposita,
657 550 713 610 ubi
731 551 890 612 uecellum
906 550 995 618 ellel,
1026 535 1145 606 Mil·

36 627 226 692 vocabatur:
256 627 360 688 donec
382 625 449 706 poll
467 631 590 712 aliquot
611 651 730 702 annos,
758 632 927 712 praelecto
945 631 996 692 vi·

31 713 106 786 ilum
126 707 319 851 ¹qonstituto,
353 707 541 792 diligentius
562 713 657 774 etiam
675 712 714 774 ab
728 711 867 796 Augusto
885 711 994 796 provi«

31 815 80 854 um
103 813 121 854 e
150 833 160 850 .

69 873 217 936 XXVlll.
254 869 492 934 Adolescebaut
522 875 652 936 interim
689 871 782 950 Caius
815 888 847 938 et
876 875 997 938 Lucius
1028 872 1180 928 Mem·

31 958 174 1018 laesares
191 952 262 1036 pari
281 953 444 1034 voluptate
460 976 496 1017 ac
509 955 730 1018 sollieitudine
741 955 918 1039 Principis,
941 955 997 1039 qui
1010 945 1053 996 '⁶⁸
1072 940 1179 1060 ‘'llis''

31 1039 207 1102 nuniruenta
224 1033 336 1094 domus
355 1033 563 1098 corroborari
577 1037 770 1112 laetabaturt
794 1037 996 1100 insolentiam
1011 1009 1095 1090 ΡΜ
1111 1023 1131 1060 '⁸
1147 1019 1186 1060 “¹

31 1139 188 1180 merorum
208 1113 423 1196 suspectabat.
454 1121 593 1204 quippe,
617 1119 709 1202 gnari
731 1139 823 1200 quom
841 1118 880 1178 ad
896 1089 1136 1178 foetu-'unm'

31 1221 81 1260 ram
101 1197 330 1268 educarentur,
354 1208 462 1260 mores
482 1204 586 1262 avitos
607 1199 692 1260 haud
709 1200 862 1262 curabant
881 1219 1001 1282 usque·

31 1277 324 1364 quaqueeemulsri.
367 1279 487 1342 Lucius
508 1281 640 1365 ulique,
672 1285 724 1340 rix
742 1281 890 1341 undecim
906 1294 999 1343 natus

31 1384 123 1432 nuos,
149 1379 246 1444 quum
263 1357 294 1418 in
311 1355 436 1422 theatro
456 1365 568 1457 plausu
584 1379 616 1424 ct
631 1361 919 1424 adclamationibus
941 1379 1003 1444 po·

31 1445 80 1504 ruli
95 1456 252 1524 exceptus
270 1459 402 1522 magnos
420 1447 554 1525 spiritus
571 1445 765 1527 sumpsillut.
788 1465 829 1504 eo
844 1463 1003 1526 progres-

31 1549 66 1586 us
84 1524 128 1586 ell
146 1520 358 1592 temeritatis,
391 1536 424 1584 ut
444 1525 520 1604 Cujo
538 1525 652 1596 fratri,
689 1545 728 1587 eo
746 1545 877 1608 quoque
896 1521 1001 1587 adhue

31 1618 232 1672 tramutata,
266 1617 380 1698 petere
399 1606 769 1670 consulatumauderet.
811 1609 891 1668 'l'um
920 1625 1000 1668 vero

31 1711 74 1748 rou
95 1704 246 1770 premens
267 1704 345 1743 tram
363 1685 498 1756 Caesar,
523 1692 620 1757 Absit,
643 1688 767 1770 iuquit.
795 1708 813 1744 u
830 1683 1003 1760 republica.

31 1769 109 1825 *uelis
127 1769 204 1826 meis
225 1764 410 1834 ternpurttas
431 1769 525 1824 euenit
550 1770 732 1834 columitas,
761 1777 793 1822 ul
819 1782 1001 1838 quemquam
1067 1818 1071 1826 .

31 1841 105 1894 tonis
138 1835 250 1911 oigiuli
275 1836 422 1890 nrinorem
454 1837 608 1897 consulem
631 1838 708 1904 fieri
734 1843 903 1908 oporteat!
944 1833 1000 1891 Sic

31 1919 105 1976 itiam
124 1911 359 1978 insistentibus,
382 1917 445 1965 lum
463 1916 540 1970 sutis
556 1923 676 1970 mature
693 1915 913 1984 magistratum
930 1930 1000 1968 eum

33 2007 193 2068 aptarum,
215 1990 393 2072 respondit,
418 1991 469 2045 ubi
485 2001 512 2047 el
528 2005 622 2050 seruet
640 1991 781 2048 rolribere
796 2011 815 2047 u
833 1993 998 2063 peccando,

33 2067 163 2140 tpopuls'
179 2087 362 2146 compescere
379 2071 561 2142 cupiditales
580 2072 745 2128 didicisset.

70 2161 185 2224 XXlX.
212 2163 355 2234 lnterim,
380 2177 413 2224 ut
432 2164 632 2250 indulgentia
645 2165 857 2254 praeferoces
873 2162 997 2224 animos
1028 2167 1060 2222 c.
1075 2168 1176 2222 casm

30 2241 192 2312 'minervis
216 2245 430 2308 sacerdotium
453 2247 528 2324 Cajo
545 2247 655 2319 dedit,
688 2262 720 2308 et
736 2245 901 2328 designari
920 2264 996 2306 con·
1011 2235 1040 2286 ὅ·
1057 2237 1153 2299 [Μ

33 2323 108 2382 ulem
131 2327 236 2406 pallus
263 2327 322 2400 eit,
355 2342 389 2388 ut
414 2325 481 2410 poli
501 2329 754 2412 quinquennium
776 2347 859 2386 antro
883 2303 1149 2388 aetatis⁴‘⁴¹'“''⁸·

30 2405 166 2466 icesimo
192 2409 404 2494 magistratum
432 2409 542 2473 iniret.
584 2412 716 2472 interim
745 2430 784 2472 ex
808 2428 844 2468 ea
867 2407 921 2470 die
941 2405 998 2468 de-

30 2502 120 2548 uctus
141 2487 175 2548 in
193 2491 310 2560 sorum.
335 2504 368 2552 ut
383 2491 549 2554 interellet
567 2493 714 2554 consiliis
732 2489 884 2576 publicis,
907 2489 998 2550 loco·

30 2585 72 2646 que
93 2573 261 2634 senatorio
281 2585 443 2656 spectaret
460 2587 492 2634 et
513 2575 710 2655 epularetur.
751 2575 841 2632 Haec
860 2569 996 2630 honoris

30 2649 142 2732 lugulli
169 2655 270 2715 caulla
296 2650 762 2718 senatusconsulto'decreta·
787 2651 923 2734 Equites
941 2672 997 2710 au·

30 2750 73 2790 cut
93 2735 231 2794 Romani
256 2735 400 2798 universi
418 2737 592 2804 Principem
613 2734 787 2810 juventulis
807 2731 914 2808 Caium
939 2730 996 2790 hs·

30 2811 60 2870 lis
80 2819 244 2896 argenteis
260 2817 408 2878 donatum
423 2814 678 2896 adpellaverunt.
711 2815 811 2874 'Haec
827 2811 915 2888 aiunt
929 2814 996 2882 Au-

30 2893 128 2968 ;ultum
157 2897 210 2958 vix
227 2897 408 2967 admisiile,
441 2916 537 2978 quum
565 2896 678 2958 intime
699 2893 856 2980 gauderet
874 2891 994 2970 sactis3

30 2979 211 3058 especiem
232 2980 339 3041 civilis
362 2979 460 3042 animi
478 2977 653 3038 amitteret.

69 3059 170 3122 XXX.
206 3061 453 3130 Eudemum,
482 3073 547 3120 tum
572 3059 658 3119 enim
678 3059 718 3117 D.
739 3056 869 3120 Laelius
889 3057 930 3118 D.
951 3057 990 3118 F.
1025 3040 1180 3114 ΜΨ·

30 3139 145 3214 salbus,
178 3144 213 3206 C.
229 3141 380 3205 Antistius
400 3145 436 3204 C.
454 3143 491 3202 F.
510 3139 612 3202 Vetus
630 3139 782 3202 consules
801 3151 911 3208 erent.
933 3139 991 3198 Ti·
1022 3112 1058 3168 A'
1073 3113 1145 3195 ⁰⁹⁶:

35 3223 98 3281 erio
117 3223 316 3286 tribunitiam
338 3222 521 3308 potellatcm
540 3223 659 3284 Caesar
684 3221 715 3281 in
734 3221 810 3302 quin
837 3219 989 3282 nennium
1004 3183 1180 3308 compi&

33 3301 114 3379 edit;
149 3305 398 3392 Armeniumque
419 3303 625 3366 deiicientem
648 3303 679 3364 ei
696 3241 909 3364 demandavit.
952 3301 1086 3374 Atc0ff‚

30 3383 63 3444 lle
83 3385 236 3450 intertot
256 3409 435 3470 prospera,
464 3386 622 3448 incertum
639 3381 756 3466 quibus
778 3383 909 3454 caudis,
940 3401 994 3444 re·
1029 3403 1150 3456 num„
1224 3447 1231 3452 ,

33 3479 103 3528 enta
127 3465 231 3531 statuit
250 3489 268 3530 e
287 3469 394 3532 medio
422 3488 457 3530 se
483 3487 575 3548 quem
603 3465 783 3548 longissime
810 3463 992 3526 abducere:
1002 3473 1178 3538 statutum-

33 3565 67 3607 ee
100 3551 186 3612 enim
216 3549 388 3617 studiorum
424 3549 525 3612 caulla
553 3545 661 3608 Rhodi
690 3546 845 3608 secellum
877 3539 1175 3630 petiffedlosuus·

32 3628 224 3702 cediderim,
257 3653 445 3718 quamquam
462 3629 495 3692 id
518 3627 703 3714 praetulisse
722 3625 884 3690 traditum.
926 3627 993 3688 Ve·
1005 3623 1073 3664 Μ’·

30 3707 129 3774 iorem
161 3713 254 3778 luille
280 3711 437 3798 stimulum
462 3732 502 3775 ex
527 3709 776 3794 intemperantis
798 3707 909 3773 uxoris
933 3727 994 3792 pu·

30 3825 345 3842 m

43 3873 113 3946 Cep.
130 3875 247 3930 xxvtt.
272 3875 340 3938 Dio.
356 3873 430 3930 Lib.
447 3871 501 3926 sub
519 3870 593 3925 (lod.
607 3871 648 3926 Μ.
668 3868 774 3950 Aemil3
791 3877 820 3920 et
832 3865 870 3922 1..
882 3863 995 3946 derue·

30 3941 62 3994 lo.
90 3944 163 4013 Cap.
173 3945 305 4003 XXVlll.
325 3943 395 4002 Dio.
409 3941 430 3995 l.
442 3942 485 3998 55.
500 3941 554 3996 sub
564 3940 636 3996 Goll.
650 3940 684 3992 D.
695 3938 805 4002 Laelio,
819 3945 855 3992 ,ct
866 3933 898 3988 C.
910 3933 994 3984 Antr-

30 4011 70 4064 io.
103 4013 176 4083 esp.
193 4013 293 4067 xxltt.
314 4009 576 4082 Sueton.Aug.6i.
593 4011 661 4063 Tac.
678 4007 754 4062 Anu.
772 4003 832 4061 ud.
852 4003 992 4084 Zonaras.

30 4080 92 4145 apin
110 4081 216 4150 Ancyr.
236 4081 303 4135 Dio.
316 4081 403 4152 Lupis
418 4078 527 4148 Ancyr.
538 4079 607 4133 Tac.
643 4077 718 4147 cap.
727 4075 813 4130 XXX.
830 4073 898 4126 lito.
913 4067 992 4128 Vell.

30 4165 86 4218 299·
105 4150 229 4208 Suetou.
245 4151 314 4208 cib.
332 4167 373 4224 te.
390 4158 423 4212 ,el
436 4147 507 4209 oto.
518 4147 703 4222 quxcerpt.
722 4143 823 4206 Vtiles.
