2628 4692
178 349 222 414 tn
239 341 487 423 socun'ma.
512 347 651 415 cxxix.
674 351 790 453 srvit,
908 356 966 419 as·

13 557 121 623 amicis.
164 554 295 644 Quippe
312 557 446 632 Caesar,
467 559 499 620 in
521 559 627 623 castris
648 559 691 620 ad
703 559 898 622 Naulochum
914 551 969 622 ie·
1000 553 1150 618 ilenti·

14 661 149 711 manens,
178 640 350 722 Agrippam
374 639 411 700 ad
434 640 634 702 obsidionem
650 641 803 702 Melissae
823 643 970 718 miserat;
1003 626 1134 684 ΝΜ·

15 723 86 806 quod
106 721 257 804 oppidum
275 718 447 782 intraverat
462 721 522 802 jam
540 723 702 790 Plennius,
725 742 849 803 unaque
863 741 972 784 secum
996 777 1000 786 ,
1128 729 1130 740 “

15 804 122 865 linem
139 803 319 864 edtruxcrat
334 801 497 882 bopidum.
541 805 651 884 lgitnr‚
675 823 691 862 a
710 799 975 864 duobusexerci·

18 887 92 945 tibus
111 903 146 944 se
163 882 277 942 videns
293 882 454 954 obsideri,
484 883 523 944 de
542 903 619 967 pace
636 897 782 946 oratores
799 885 895 945 misit.
927 883 975 944 ibi

16 967 157 1026 tendente
178 964 338 1046 Agrippa,
367 977 401 1024 ut
420 965 451 1024 in
470 965 637 1026 adrentum
654 965 797 1025 Caesarie
819 983 873 1026 res
893 965 978 1026 inle-

17 1069 62 1130 gn
80 1063 286 1115 servaretur,
310 1046 453 1124 Lepidus
472 1061 504 1106 et
521 1065 629 1130 pacem
649 1046 782 1106 Plennio
802 1043 900 1108 datius
921 1043 978 1106 dc·

20 1131 74 1202 dit3
101 1139 152 1194 et,
175 1125 386 1187 conciliandis
407 1126 474 1202 ejus
495 1126 694 1210 legionibus,
717 1128 844 1196 annuit,
866 1140 899 1186 ut
918 1145 979 1186 una

18 1231 78 1270 cum
105 1207 172 1268 suis
199 1206 354 1268 militibus
381 1209 545 1275 Melitinam
574 1221 637 1268 tota
664 1221 759 1268 nocte
787 1206 978 1290 diriperent.

16 1289 147 1354 Adcelstt
167 1301 199 1348 el
221 1287 421 1357 incendium,
445 1287 562 1360 lindio,
591 1309 629 1348 an
651 1289 736 1349 inter
754 1289 922 1348 militarem
941 1285 981 1348 li·

17 1371 141 1430 rentism
162 1383 284 1430 temere
303 1383 424 1430 ortum:
447 1383 477 1430 ct
495 1383 628 1452 utruque
648 1369 753 1428 audita
771 1368 877 1429 clades
895 1367 982 1430 exci-

17 1455 56 1514 rit
72 1461 260 1522 laesarem,
283 1462 317 1510 ut
336 1452 482 1534 sequenti
501 1448 599 1510 ssatim
619 1449 672 1510 die
689 1449 863 1511 advolaret.

66 1557 197 1622 xxvtt.
221 1555 261 1616 m
277 1554 430 1638 bepidus,
453 1555 589 1618 adventu
606 1555 750 1619 Caesaris
767 1557 907 1638 cognito,
930 1575 982 1618 rc·
1014 1552 1130 1624 lepidst

16 1640 104 1722 liquit
129 1635 300 1720 oppidum,
334 1651 385 1706 et,
417 1637 451 1698 in
470 1639 552 1698 colle
576 1637 710 1720 quodam
734 1641 855 1698 munito
878 1626 1136 1698 cassris⁶“³⁶''”·

19 1719 143 1804 positis,
168 1718 336 1779 oblectere
353 1719 518 1780 Caesarem
538 1719 569 1780 in
587 1719 743 1780 concione
760 1715 892 1778 militum
910 1737 984 1780 coc·

16 1803 75 1882 pit,
103 1799 318 1884 adccptasquo
342 1799 380 1860 ab
407 1819 446 1862 eo
470 1797 601 1876 injurias
627 1819 800 1882 exponere.
853 1799 985 1860 Animus

18 1883 95 1940 enim
116 1881 147 1942 ei
170 1893 334 1951 creverat,
367 1893 412 1942 tot
432 1881 551 1942 circum
575 1900 609 1942 se
632 1881 753 1942 videnti
776 1879 802 1940 si
828 1901 866 1940 ua
885 1879 987 1962 legio-

16 1981 103 2031 num,
128 1981 259 2045 quarum
283 1961 532 2036 multitudinem,
560 1961 704 2056 adneptis
723 1961 754 2022 in
778 1901 871 2022 fidem
893 1963 987 2020 Pom·

18 2043 153 2124 peiauis,
177 2062 278 2124 usque
295 2043 333 2102 ad
350 2063 514 2104 numerum
533 2042 648 2124 viginti
663 2043 794 2102 duarum
809 2041 987 2102 adauxerat.

18 2125 112 2202 igitur
140 2138 173 2186 et
192 2123 333 2184 Siciliam
362 2125 503 2184 retinere
529 2121 707 2202 cogitabat,
737 2121 807 2200 jure
833 2121 990 2182 facturum
1067 2175 1071 2181 .

18 2206 180 2276 dictitans,
211 2203 296 2288 quod
319 2217 351 2264 et
369 2203 503 2266 venillet
521 2203 553 2264 in
576 2223 643 2262 eam
661 2204 796 2265 insulam
814 2203 923 2286 prior,
956 2191 990 2263 e't

16 2288 121 2368 plures
143 2287 291 2348 civitates
315 2283 346 2346 in
367 2285 562 2348 deditionem
584 2284 767 2370 adcepillet.

72 2393 228 2454 xxvitt..
250 2393 383 2464 Caesar,
413 2411 508 2472 quum
532 2389 662 2452 ethaeo
685 2387 930 2461 audilletiicri,
959 2401 992 2450 et
1016 2398 1184 2452 cessrun-

19 2473 123 2536 isuces
151 2487 260 2534 contra
288 2492 323 2532 se
347 2471 517 2556 praesidiis
543 2471 673 2532 insellas
699 2470 843 2542 videret,
874 2461 1181 2546 amicosrsrdtk'rl·

17 2555 53 2616 de
72 2553 202 2632 injuriis
223 2549 361 2636 questum
381 2553 477 2614 misit.
519 2553 656 2614 Remisit
677 2553 756 2613 alios
776 2550 931 2634 Lepidus,
954 2535 1143 2611 addim&

18 2634 281 2718 disceptationem
304 2653 493 2715 provocans.
533 2633 639 2698 Venit
659 2635 792 2706 Caesar,
824 2645 855 2694 et
877 2651 993 2714 expro-

16 2717 147 2777 brandis
174 2715 334 2797 utrimque
361 2711 524 2776 maleficiis
551 2734 590 2774 eo
616 2715 812 2796 procell'um,
846 2727 880 2772 ut
907 2713 993 2772 ultro

16 2799 165 2882 citroque
185 2797 288 2856 minae
307 2794 496 2872 jacerentur.
547 2798 652 2865 Erro,
675 2807 829 2876 tamquam
853 2794 886 2853 in
909 2793 989 2853 viei-
1080 2822 1083 2832 =

16 2882 65 2938 nia
96 2876 256 2940 hostilium
286 2875 478 2949 cedrorum,
520 2895 598 2938 excu
625 2874 673 2936 iae
702 2875 876 2957 diligenter
905 2885 993 2934 actae
1096 2886 1100 2900 “

17 2975 108 3021 sunt:
142 2975 174 3020 et
199 2957 331 3019 eductae
358 2972 453 3039 portu
476 2977 572 3019 naves
599 2955 637 3016 ad
665 2975 797 3018 ancoras
822 2953 991 3026 deterunt,

17 3063 55 3102 ne
75 3064 92 3102 a
112 3038 288 3122 hepidanis
307 3037 573 3100 incenderentur:
606 3037 787 3118 iterumque
809 3038 905 3100 uirile
923 3034 993 3094 bel·

16 3124 77 3182 lunt
96 3119 234 3183 llomuni
253 3119 413 3181 exercitus
431 3119 643 3188 horruerunt,
670 3139 835 3200 numquam
858 3135 993 3186 coneur-

17 3203 46 3264 di
67 3205 157 3264 inter
173 3220 267 3282 pares
283 3201 433 3282 potentia.
466 3199 607 3282 Lepidus
627 3213 729 3258 tamen
748 3220 763 3260 s
783 3199 848 3258 suis
865 3215 994 3280 quoque

16 3283 268 3368 postponebatur
293 3281 439 3352 Caesari,
469 3281 637 3363 segnitiem
661 3277 729 3360 ejus
752 3299 821 3339 eum
844 3276 994 3338 indullria

18 3379 48 3426 et
68 3365 191 3426 virtute
207 3361 420 3424 adolescentis
436 3359 700 3442 comparentibus.
742 3361 813 3420 Hoc
828 3359 881 3420 ubi
896 3361 995 3421 Octa-

17 3448 116 3506 viano
137 3443 296 3512 innotuit,
328 3461 461 3524 sperans
482 3441 641 3528 prumillis
665 3441 879 3522 praemiisque
898 3437 936 3500 sd
957 3458 994 3500 se

17 3525 166 3610 pertrahi
193 3524 306 3606 Lepidi
334 3523 441 3604 copias
465 3522 569 3606 polle,
602 3539 660 3603 per
687 3519 821 3581 idoneos
848 3519 994 3580 homines

17 3629 91 3668 cum
107 3605 246 3668 sinvulis
264 3605 402 3666 tribunis
419 3615 513 3686 atque
531 3603 704 3686 praefectis
718 3602 795 3680 egit.
821 3601 995 3662 callerent·
1077 3595 1079 3606 ’

15 3709 80 3771 que
102 3653 186 3749 baud
204 3687 315 3782 pauci,
336 3685 525 3768 praesertim
547 3686 620 3766 qni,
647 3681 829 3764 Pompeium
849 3681 996 3762 sequuti,

17 3791 135 3852 parum
158 3769 220 3829 sibs
241 3781 363 3828 cautum
382 3785 459 3849 paee
479 3783 548 3824 cum
564 3763 688 3848 Lepido
710 3764 791 3825 lacta
813 3761 999 3842 credebant,
1065 3795 1073 3802 -

16 3851 85 3912 nisi
108 3868 286 3914 consensus
300 3847 447 3910 Caesaris
464 3845 649 3910 sdcessillet.
701 3855 709 3878 ¹

15 4059 132 4180 ot'lap.
147 4055 252 4111 xxvi.
273 4053 404 4177 pppian.
416 4063 457 4174 Aet
475 4053 545 4136 llio.
587 4049 657 4176 Glpp.
671 4043 897 4176 xylixiiqph
900 4043 1001 4168 1mllio.

14 4125 588 4268 ,rrtnrrtffrsnrr·0‘
729 4135 776 4192 r·
915 4129 1019 4246 2¹²1
1111 4219 1116 4228 .

997 1693 1162 1747 ernstsnur.
1187 1701 1196 1726 r
1271 1709 1275 1728 r
