2658 4686
528 195 535 236 l

156 321 201 386 ut
222 315 374 390 nocuit
393 322 477 386 orn.
495 323 668 392 cxxxvi.
690 327 805 394 mvn.
924 327 988 408 7³³.

919 473 983 482 ——n

27 551 65 626 pe
85 530 301 596 deere'reront
316 535 385 615 jus,
409 535 537 618 quoties
557 538 675 610 vellet,
699 551 841 600 senatum
864 556 985 618 cogen-
1014 533 1050 590 U.
1067 549 1093 587 e.
1110 533 1172 601 '7³⁰-

27 637 59 708 ιι.Ι
88 633 146 676 nec
169 614 306 677 deluere
333 631 459 690 tamen,
489 617 545 760 qdui
565 639 629 680 non
655 617 751 682 modo
777 619 986 680 absolverent
1014 603 1051 660 Ᾰ·
1069 601 1156 660 ⁰⁴²·

26 699 142 756 ‘ramum
161 697 229 758 suia
248 699 436 772 sententiis,
460 720 495 763 ae
537 701 632 764 etiam
650 701 706 785 qui
722 701 901 785 perniciem
923 703 985 760 riu·

26 774 87 854 pito
107 777 378 843 machinarentur.

62 901 113 961 xl.
136 901 277 964 Fannius
297 903 418 986 Caepio
444 904 696 992 conspirationis
717 917 828 966 auctor
845 903 984 966 habeba·
1014 913 1138 968 Ferratus

25 1001 73 1058 ατς
103 981 189 1044 inter
211 984 319 1046 socios
337 997 370 1048 et
392 989 525 1049 Murena
544 988 724 1050 nominatur
746 984 807 1047 eil:
838 986 984 1068 fecitque
998 985 1095 1053 0¹19st
1111 987 1142 1036 l·

24 1065 92 1125 idem
115 1065 332 1126 criminationi
348 1068 381 1126 in
401 1067 532 1131 homine
551 1083 659 1132 cetera
678 1087 743 1129 non
766 1068 915 1150 improbo
935 1068 982 1128 ni·
996 1051 1162 1123 '‘⁸⁶⁶⁸’l¹¹·

24 1147 61 1206 nia
80 1146 209 1207 dicendi
229 1147 380 1220 libertas,
416 1169 508 1233 quam
525 1151 559 1212 in
578 1169 689 1212 omnes
707 1149 892 1232 promiscue
913 1149 983 1210 sine
997 1131 1054 1174 '⁶¹'

24 1227 92 1288 rodo
112 1225 296 1310 stringebat.
326 1231 444 1312 lgitur,
468 1233 637 1294 a'l'iherio
659 1231 807 1293 Caesaris
830 1231 984 1313 privigno

23 1307 260 1453 lidtltlz
277 1309 667 1479 '‘ltllsstztttllll
680 1312 986 1476 tllttttlnll

271 1434 280 1464 ,
976 1437 983 1453 .

22 1477 75 1532 lam
95 1473 307 1553 Proculeius,
328 1477 483 1536 Murenae
503 1476 623 1550 irater,
655 1489 688 1539 et
708 1487 843 1558 paterno
861 1475 894 1534 in
912 1493 985 1536 eum

22 1555 123 1626 nimo,
162 1567 225 1615 tam
245 1575 339 1616 cerus
361 1570 431 1616 erat
451 1559 600 1632 Caesari,
635 1572 670 1619 ut
688 1557 728 1620 de
748 1555 934 1618 collocanda
953 1557 985 1617 ei

22 1635 82 1694 otia
103 1634 319 1714 deliberaret3
349 1650 382 1698 et
405 1641 575 1702 Maecenas
596 1638 710 1700 adfinia
729 1639 761 1698 in
781 1631 985 1720 flagrantilli·

21 1737 50 1776 na
69 1717 214 1778 Caesaris
237 1718 359 1802 gratis,
382 1717 473 1800 cujus
494 1721 550 1783 ille
572 1735 605 1783 et
626 1719 812 1803 conjugem,
836 1737 984 1780 sororem

21 1801 170 1870 turenae,
194 1800 404 1862 Terentillam
422 1799 595 1865 edomabat.
637 1803 728 1863 Hanc
746 1814 851 1862 tamen
866 1821 983 1884 aparu-

21 1879 56 1938 lie
79 1879 172 1942 fratri
198 1881 358 1944 creditum
380 1881 443 1944 sibi
467 1905 484 1943 a
505 1887 690 1947 Maecenate
717 1895 876 1944 secretum
895 1901 982 1942 com-

20 1975 109 2023 tertae
143 1962 397 2042 conjurationis,
426 1983 532 2048 eoque
554 1966 707 2028 maturius
736 1964 851 2046 sugillo
883 1981 979 2034 reos,

20 2043 115 2103 laesor
143 2043 342 2128 auspicatus,
380 2065 476 2127 quum
505 2068 610 2130 neque
638 2045 808 2108 defuturos
834 2057 981 2127 putaret,

19 2123 54 2204 poi
72 2123 301 2198 absolverent,
326 2125 354 2187 si
375 2125 475 2188 latere
496 2129 686 2208 potuiiient3
719 2127 822 2209 legem
848 2128 920 2188 tulit
943 2123 985 2186 de

19 2208 68 2276 lis,
100 2206 155 2288 qui
181 2207 337 2286 judicium
358 2205 577 2290 defugerent,
610 2209 655 2270 uti
677 2207 736 2269 hos
767 2206 910 2267 damnari
929 2206 985 2266 ab·
1102 2213 1104 2220 '

18 2299 105 2347 tentes
135 2286 184 2350 ias
213 2289 309 2361 eliet,
337 2301 370 2350 et
397 2287 430 2348 in
453 2289 569 2351 talibus
592 2291 705 2350 caullis
729 2287 854 2369 judices
882 2288 986 2371 palam
1027 2343 1030 2350 .

20 2365 149 2450 ollragia
165 2368 302 2432 ferrent.
346 2368 382 2431 ld
398 2369 546 2434 utilitatis
567 2369 854 2456 publicae'uaull'a,
886 2390 949 2432 non
967 2391 985 2430 a

18 2451 129 2544 tropi-ia
151 2453 217 2525 ira,
240 2451 351 2514 facille
370 2453 558 2527 Caesarem,
582 2465 769 2537 argumento
790 2449 872 2524 luit,
897 2449 985 2536 qood

20 2547 154 2613 equitur.

18 2815 188 2886 'actumque
203 2803 345 2878 Ostiam,
378 2805 411 2866 in
432 2806 663 2868 Laurentinum
686 2803 787 2884 patris
806 2801 979 2885 Caepionis

18 2896 89 2943 lectu
118 2883 283 2968 perduxit.
323 2886 401 2948 Inde
431 2888 509 2949 clam
529 2903 710 2982 pervenere
734 2885 869 2950 Cumast
902 2901 979 2944 con-

18 2981 177 3048 censoque
198 2967 343 3052 navigio,
366 2965 605 3053 tempestatibus
627 2966 666 3026 ad
687 2965 844 3048 Neapolin
870 2962 977 3044 ejecti,

18 3045 979 3194 ltt,t‘tltt‘ltt'dt‘ttlltztzwtitllltttlt·

117 3171 124 3187 ·
969 3167 977 3197 r

18 3219 31 3266 t
48 3207 213 3272 dominum
230 3151 396 3294 droddret,
420 3213 595 3297 expugnari
610 3169 726 3294 p’otuit.
762 3209 854 3272 Hero
874 3225 979 3270 tamen

18 3291 99 3350 letes
121 3311 158 3352 ea
187 3313 253 3355 non
279 3293 424 3377 proluit,
458 3295 554 3379 quin,
587 3292 720 3355 alterius
743 3291 831 3353 servi
852 3290 979 3370 scelere

18 3372 241 3452 eprehensus,
264 3394 386 3458 poenae
406 3389 510 3438 morte
533 3375 634 3436 daret.
658 3377 691 3434 ln
709 3373 760 3434 hia
779 3371 905 3434 duobus
923 3391 980 3454 pa·
1014 3405 1017 3413 =

18 3469 47 3510 er
66 3455 190 3538 Caepio
206 3455 373 3518 liberrime
385 3457 480 3518 animi
498 3457 547 3518 aui
560 3453 714 3537 judicium
729 3453 891 3526 exercuit,
915 3473 982 3514 nra·

21 3535 131 3596 mitro
151 3533 241 3598 lideli
260 3557 376 3614 serr03
407 3537 577 3622 proditore
594 3536 633 3597 ad
657 3535 851 3631 supplicium
872 3535 981 3596 crucia

20 3616 206 3678 armedium
222 3617 330 3680 lorum
345 3633 448 3701 rapto,
468 3633 500 3680 et
515 3619 640 3681 titulum
651 3616 760 3679 meriti
772 3617 873 3696 palam
887 3637 982 3699 prae·

18 3711 134 3758 erente.
155 3699 247 3761 Unde
258 3715 291 3763 et
302 3701 373 3782 ipae
382 3719 447 3764 non
459 3700 631 3782 inglorios,
643 3713 675 3762 et
686 3697 847 3761 celebrata
856 3718 982 3760 sermo·

19 3775 88 3840 ibus
114 3779 414 3866 Augusti-aequitas
444 3781 526 3854 fuit,
555 3779 635 3844 haec
667 3779 771 3844 omnis
795 3779 887 3843 civili
911 3780 981 3841 ani·
1091 3805 1098 3828 ι

18 3911 334 3928 m

29 3983 101 4054 Cap.
119 3985 169 4040 xl.
188 3985 266 4042 Vell.
284 4003 311 4053 a,
348 4007 371 4046 r.
398 3987 520 4044 Sueton.
534 3985 664 4059 Aug-19.
684 3984 761 4040 Vall.
779 3995 808 4040 et
822 3984 891 4041 Dio.
912 3987 985 4042 Sne·

18 4069 55 4106 m.
75 4053 144 4107 Tib.
160 4053 188 4109 8.
214 4053 284 4109 Dio.
339 4075 384 4111 or·
402 4058 499 4113 Carm.
517 4077 542 4122 a,
564 4073 590 4109 a.
611 4057 680 4112 Tac.
698 4055 774 4107 dnn.
790 4060 816 4122 4,
833 4057 876 4124 39.
895 4065 923 4108 et
939 4063 985 4122 lo.

18 4119 353 4260 litteraturae:
373 4125 495 4181 ⁵⁰⁶¹⁰”·
512 4125 637 4197 Μ·
656 4123 724 4177 ⁰³⁰·
761 4123 906 4196 ΟΜ
925 4123 987 4180 Μ’·

58 2637 124 2703 Xll.
156 2638 262 2736 Quom
297 2663 377 2728 aqua
403 2656 436 2706 et
461 2643 529 2726 igni
558 2641 623 2704 reis
644 2639 852 2736 interdictam
883 2639 1184 2730 elleh-Essemus·

18 2717 191 2802 itepionem
218 2743 334 2787 servus
358 2726 390 2784 in
415 2722 487 2786 cilia
510 2723 625 2786 detulit
647 2721 685 2782 ad
708 2721 873 2783 Tiberrms
905 2739 979 2801 per·
994 2715 1166 2781 aaronem.

1306 2621 1309 2742 l

1304 3199 1306 3351 l
