<?xml version="1.0" encoding="UTF-8"?>
<!DOCTYPE html PUBLIC "-//W3C//DTD XHTML 1.0 Transitional//EN"
    "http://www.w3.org/TR/xhtml1/DTD/xhtml1-transitional.dtd">
<html xmlns="http://www.w3.org/1999/xhtml" xml:lang="en" lang="en">
 <head>
  <title>
</title>
<meta http-equiv="Content-Type" content="text/html;charset=utf-8" />
  <meta name='ocr-system' content='tesseract 3.04.00' />
  <meta name='ocr-capabilities' content='ocr_page ocr_carea ocr_par ocr_line ocrx_word'/>
</head>
<body>
  <div class='ocr_page' id='page_1' title='image "./tliviipatavinih02drakgoog_0052.png"; bbox 0 0 2618 4686; ppageno 0'>
   <div class='ocr_carea' id='block_1_1' title="bbox 126 285 962 394">
    <p class='ocr_par' dir='ltr' id='par_1_1' title="bbox 126 285 962 394">
     <span class='ocr_line' id='line_1_1' title="bbox 126 285 962 394; baseline 0.017 -23"><span class='ocrx_word' id='word_1_1' title='bbox 126 371 134 384; x_wconf 86' lang='grc'><strong><em>,</em></strong></span> <span class='ocrx_word' id='word_1_2' title='bbox 188 285 585 394; x_wconf 67' lang='lat' dir='ltr'><strong>meorumnam.</strong></span> <span class='ocrx_word' id='word_1_3' title='bbox 607 307 723 378; x_wconf 79' lang='lat' dir='ltr'><strong>amri.</strong></span> <span class='ocrx_word' id='word_1_4' title='bbox 863 305 874 362; x_wconf 67' lang='lat' dir='ltr'>f</span> <span class='ocrx_word' id='word_1_5' title='bbox 914 307 962 390; x_wconf 72' lang='lat' dir='ltr'><strong>aa</strong></span> 
     </span>
    </p>
   </div>
   <div class='ocr_carea' id='block_1_2' title="bbox 32 496 1132 1264">
    <p class='ocr_par' dir='ltr' id='par_1_2' title="bbox 32 496 1132 852">
     <span class='ocr_line' id='line_1_2' title="bbox 33 496 1132 607; baseline -0.007 -21"><span class='ocrx_word' id='word_1_6' title='bbox 33 527 85 586; x_wconf 85' lang='lat' dir='ltr'><strong>iras</strong></span> <span class='ocrx_word' id='word_1_7' title='bbox 96 541 200 607; x_wconf 82' lang='lat' dir='ltr'><strong>quoque</strong></span> <span class='ocrx_word' id='word_1_8' title='bbox 218 539 331 586; x_wconf 85' lang='lat' dir='ltr'><strong>servos</strong></span> <span class='ocrx_word' id='word_1_9' title='bbox 356 535 391 583; x_wconf 86' lang='lat' dir='ltr'><strong>et</strong></span> <span class='ocrx_word' id='word_1_10' title='bbox 408 517 549 605; x_wconf 83' lang='lat' dir='ltr'><strong>pallores</strong></span> <span class='ocrx_word' id='word_1_11' title='bbox 567 522 606 582; x_wconf 82' lang='lat'><strong>1..</strong></span> <span class='ocrx_word' id='word_1_12' title='bbox 620 496 785 582; x_wconf 73' lang='lat' dir='ltr'><strong>homitias</strong></span> <span class='ocrx_word' id='word_1_13' title='bbox 805 520 838 582; x_wconf 92' lang='lat' dir='ltr'><strong>in</strong></span> <span class='ocrx_word' id='word_1_14' title='bbox 855 538 956 584; x_wconf 84' lang='lat' dir='ltr'><strong>naves</strong></span> <span class='ocrx_word' id='word_1_15' title='bbox 985 513 1021 576; x_wconf 78' lang='lat' dir='ltr'><strong>ii.</strong></span> <span class='ocrx_word' id='word_1_16' title='bbox 1033 517 1132 590; x_wconf 54' lang='lat' dir='ltr'><strong>omni.</strong></span> 
     </span>
     <span class='ocr_line' id='line_1_3' title="bbox 32 591 1125 688; baseline -0.006 -20"><span class='ocrx_word' id='word_1_17' title='bbox 32 611 187 688; x_wconf 82' lang='lat' dir='ltr'><strong>inposuerat,</strong></span> <span class='ocrx_word' id='word_1_18' title='bbox 207 605 235 664; x_wconf 90' lang='lat' dir='ltr'><strong>si</strong></span> <span class='ocrx_word' id='word_1_19' title='bbox 252 603 337 664; x_wconf 90' lang='lat' dir='ltr'><strong>bene</strong></span> <span class='ocrx_word' id='word_1_20' title='bbox 356 617 391 664; x_wconf 89' lang='lat' dir='ltr'><strong>et</strong></span> <span class='ocrx_word' id='word_1_21' title='bbox 408 603 557 686; x_wconf 74' lang='lat' dir='ltr'><strong>gnaviter</strong></span> <span class='ocrx_word' id='word_1_22' title='bbox 574 623 610 666; x_wconf 89' lang='lat' dir='ltr'><strong>se</strong></span> <span class='ocrx_word' id='word_1_23' title='bbox 627 615 799 685; x_wconf 79' lang='lat' dir='ltr'><strong>gererent,</strong></span> <span class='ocrx_word' id='word_1_24' title='bbox 822 603 956 665; x_wconf 82' lang='lat' dir='ltr'><strong>liberta-</strong></span> <span class='ocrx_word' id='word_1_25' title='bbox 986 591 1065 648; x_wconf 60' lang='grc' dir='ltr'><strong>Μ·</strong></span> <span class='ocrx_word' id='word_1_26' title='bbox 1077 601 1125 662; x_wconf 70' lang='lat' dir='ltr'><strong>iu·</strong></span> 
     </span>
     <span class='ocr_line' id='line_1_4' title="bbox 32 683 1041 770; baseline -0.001 -21"><span class='ocrx_word' id='word_1_27' title='bbox 32 705 49 749; x_wconf 81' lang='lat' dir='ltr'><strong>te</strong></span> <span class='ocrx_word' id='word_1_28' title='bbox 72 687 176 750; x_wconf 79' lang='lat' dir='ltr'><strong>remilla.</strong></span> <span class='ocrx_word' id='word_1_29' title='bbox 212 688 334 748; x_wconf 90' lang='lat' dir='ltr'><strong>Brutus</strong></span> <span class='ocrx_word' id='word_1_30' title='bbox 352 683 524 769; x_wconf 86' lang='lat' dir='ltr'><strong>pauciores</strong></span> <span class='ocrx_word' id='word_1_31' title='bbox 540 684 673 770; x_wconf 83' lang='lat' dir='ltr'><strong>quidem</strong></span> <span class='ocrx_word' id='word_1_32' title='bbox 688 684 787 746; x_wconf 80' lang='lat' dir='ltr'><strong>rlavea</strong></span> <span class='ocrx_word' id='word_1_33' title='bbox 806 683 956 758; x_wconf 87' lang='lat' dir='ltr'><strong>ducebat,</strong></span> <span class='ocrx_word' id='word_1_34' title='bbox 1037 727 1041 748; x_wconf 88' lang='lat'><strong>.</strong></span> 
     </span>
     <span class='ocr_line' id='line_1_5' title="bbox 32 712 960 852; baseline -0.004 -21"><span class='ocrx_word' id='word_1_35' title='bbox 32 712 212 842; x_wconf 68' lang='lat' dir='ltr'><strong>seihuiorea,</strong></span> <span class='ocrx_word' id='word_1_36' title='bbox 233 766 364 830; x_wconf 83' lang='lat' dir='ltr'><strong>delecto</strong></span> <span class='ocrx_word' id='word_1_37' title='bbox 380 767 528 828; x_wconf 81' lang='lat' dir='ltr'><strong>virorum</strong></span> <span class='ocrx_word' id='word_1_38' title='bbox 542 768 666 830; x_wconf 85' lang='lat' dir='ltr'><strong>robore</strong></span> <span class='ocrx_word' id='word_1_39' title='bbox 684 769 848 850; x_wconf 74' lang='lat' dir='ltr'><strong>repletam·</strong></span> <span class='ocrx_word' id='word_1_40' title='bbox 862 769 960 852; x_wconf 56' lang='lat' dir='ltr'><strong>quips</strong></span> 
     </span>
    </p>

    <p class='ocr_par' dir='ltr' id='par_1_3' title="bbox 32 843 1015 1018">
     <span class='ocr_line' id='line_1_6' title="bbox 32 843 961 946; baseline -0.002 -34"><span class='ocrx_word' id='word_1_41' title='bbox 32 854 146 935; x_wconf 81' lang='lat' dir='ltr'><strong>palaeaar</strong></span> <span class='ocrx_word' id='word_1_42' title='bbox 155 849 339 912; x_wconf 84' lang='lat' dir='ltr'><strong>lortiiiimcs</strong></span> <span class='ocrx_word' id='word_1_43' title='bbox 353 867 395 910; x_wconf 83' lang='lat' dir='ltr'><strong>ex</strong></span> <span class='ocrx_word' id='word_1_44' title='bbox 408 845 628 946; x_wconf 66' lang='lat' dir='ltr'><strong>antesignanis</strong></span> <span class='ocrx_word' id='word_1_45' title='bbox 642 849 821 934; x_wconf 77' lang='lat' dir='ltr'><strong>legionum,</strong></span> <span class='ocrx_word' id='word_1_46' title='bbox 838 848 873 910; x_wconf 85' lang='lat' dir='ltr'><strong>id</strong></span> <span class='ocrx_word' id='word_1_47' title='bbox 887 843 961 910; x_wconf 81' lang='lat' dir='ltr'><strong>rna-l</strong></span> 
     </span>
     <span class='ocr_line' id='line_1_7' title="bbox 34 930 1015 1018; baseline -0.008 -24"><span class='ocrx_word' id='word_1_48' title='bbox 34 935 273 1018; x_wconf 63' lang='lat' dir='ltr'><strong>conspurcatus,</strong></span> <span class='ocrx_word' id='word_1_49' title='bbox 304 930 341 992; x_wconf 92' lang='lat' dir='ltr'><strong>in</strong></span> <span class='ocrx_word' id='word_1_50' title='bbox 366 930 493 992; x_wconf 85' lang='lat' dir='ltr'><strong>ciuilem</strong></span> <span class='ocrx_word' id='word_1_51' title='bbox 517 945 729 1016; x_wconf 78' lang='lat' dir='ltr'><strong>imposuerat.</strong></span> <span class='ocrx_word' id='word_1_52' title='bbox 771 931 880 1015; x_wconf 79' lang='lat' dir='ltr'><strong>Igitur</strong></span> <span class='ocrx_word' id='word_1_53' title='bbox 901 930 959 1004; x_wconf 87' lang='lat' dir='ltr'><strong>hi,</strong></span> <span class='ocrx_word' id='word_1_54' title='bbox 1011 978 1015 986; x_wconf 86' lang='grc'><em>,</em></span> 
     </span>
    </p>

    <p class='ocr_par' dir='ltr' id='par_1_4' title="bbox 32 1013 961 1181">
     <span class='ocr_line' id='line_1_8' title="bbox 34 1013 961 1098; baseline -0.001 -23"><span class='ocrx_word' id='word_1_55' title='bbox 34 1017 99 1076; x_wconf 76' lang='lat' dir='ltr'><strong>armti</strong></span> <span class='ocrx_word' id='word_1_56' title='bbox 112 1013 318 1085; x_wconf 79' lang='lat' dir='ltr'><strong>confidentes,</strong></span> <span class='ocrx_word' id='word_1_57' title='bbox 346 1025 379 1076; x_wconf 91' lang='lat' dir='ltr'><strong>et</strong></span> <span class='ocrx_word' id='word_1_58' title='bbox 399 1013 476 1098; x_wconf 89' lang='lat' dir='ltr'><strong>quia</strong></span> <span class='ocrx_word' id='word_1_59' title='bbox 491 1013 662 1076; x_wconf 88' lang='lat' dir='ltr'><strong>celeritate</strong></span> <span class='ocrx_word' id='word_1_60' title='bbox 683 1013 813 1077; x_wconf 85' lang='lat' dir='ltr'><strong>navium</strong></span> <span class='ocrx_word' id='word_1_61' title='bbox 834 1027 868 1075; x_wconf 91' lang='lat' dir='ltr'><strong>et</strong></span> <span class='ocrx_word' id='word_1_62' title='bbox 888 1027 961 1075; x_wconf 84' lang='lat' dir='ltr'><strong>arte</strong></span> 
     </span>
     <span class='ocr_line' id='line_1_9' title="bbox 32 1095 960 1181; baseline -0.006 -23"><span class='ocrx_word' id='word_1_63' title='bbox 32 1098 214 1180; x_wconf 72' lang='lat' dir='ltr'><strong>gubernatorum</strong></span> <span class='ocrx_word' id='word_1_64' title='bbox 240 1095 475 1168; x_wconf 71' lang='lat' dir='ltr'><strong>vincebantur,</strong></span> <span class='ocrx_word' id='word_1_65' title='bbox 505 1096 646 1158; x_wconf 85' lang='lat' dir='ltr'><strong>manicas</strong></span> <span class='ocrx_word' id='word_1_66' title='bbox 675 1111 709 1160; x_wconf 93' lang='lat' dir='ltr'><strong>et</strong></span> <span class='ocrx_word' id='word_1_67' title='bbox 734 1113 838 1158; x_wconf 87' lang='lat' dir='ltr'><strong>uncos</strong></span> <span class='ocrx_word' id='word_1_68' title='bbox 862 1113 960 1181; x_wconf 73' lang='lat' dir='ltr'><strong>prae.</strong></span> 
     </span>
    </p>

    <p class='ocr_par' dir='ltr' id='par_1_5' title="bbox 32 1175 759 1264">
     <span class='ocr_line' id='line_1_10' title="bbox 32 1175 759 1264; baseline 0 -26"><span class='ocrx_word' id='word_1_69' title='bbox 32 1193 145 1260; x_wconf 75' lang='lat' dir='ltr'><strong>piuant,</strong></span> <span class='ocrx_word' id='word_1_70' title='bbox 161 1177 276 1264; x_wconf 87' lang='lat' dir='ltr'><strong>quibus</strong></span> <span class='ocrx_word' id='word_1_71' title='bbox 295 1175 431 1238; x_wconf 85' lang='lat' dir='ltr'><strong>hostium</strong></span> <span class='ocrx_word' id='word_1_72' title='bbox 450 1197 549 1240; x_wconf 81' lang='lat' dir='ltr'><strong>naves</strong></span> <span class='ocrx_word' id='word_1_73' title='bbox 565 1179 759 1241; x_wconf 77' lang='lat' dir='ltr'><strong>retinerent.</strong></span> 
     </span>
    </p>
   </div>
   <div class='ocr_carea' id='block_1_3' title="bbox 32 1283 1125 2522">
    <p class='ocr_par' dir='ltr' id='par_1_6' title="bbox 32 1283 1125 2522">
     <span class='ocr_line' id='line_1_11' title="bbox 65 1283 1064 1362; baseline 0.003 -16"><span class='ocrx_word' id='word_1_74' title='bbox 65 1287 114 1346; x_wconf 71' lang='lat' dir='ltr'><strong>ii.</strong></span> <span class='ocrx_word' id='word_1_75' title='bbox 130 1284 364 1347; x_wconf 81' lang='lat' dir='ltr'><strong>llalliliensium</strong></span> <span class='ocrx_word' id='word_1_76' title='bbox 382 1305 418 1346; x_wconf 92' lang='lat' dir='ltr'><strong>ea</strong></span> <span class='ocrx_word' id='word_1_77' title='bbox 433 1283 518 1346; x_wconf 78' lang='lat' dir='ltr'><strong>ratio</strong></span> <span class='ocrx_word' id='word_1_78' title='bbox 534 1283 614 1358; x_wconf 82' lang='lat' dir='ltr'><strong>tuit,</strong></span> <span class='ocrx_word' id='word_1_79' title='bbox 637 1299 688 1360; x_wconf 91' lang='lat' dir='ltr'><strong>ut,</strong></span> <span class='ocrx_word' id='word_1_80' title='bbox 712 1283 817 1348; x_wconf 77' lang='lat' dir='ltr'><strong>donec</strong></span> <span class='ocrx_word' id='word_1_81' title='bbox 830 1285 958 1362; x_wconf 86' lang='lat' dir='ltr'><strong>liceret,</strong></span> <span class='ocrx_word' id='word_1_82' title='bbox 1061 1312 1064 1319; x_wconf 95' lang='lat'>·</span> 
     </span>
     <span class='ocr_line' id='line_1_12' title="bbox 32 1365 958 1452; baseline 0.004 -26"><span class='ocrx_word' id='word_1_83' title='bbox 32 1369 143 1429; x_wconf 79' lang='lat' dir='ltr'><strong>maritimis</strong></span> <span class='ocrx_word' id='word_1_84' title='bbox 153 1367 268 1428; x_wconf 87' lang='lat' dir='ltr'><strong>artibus</strong></span> <span class='ocrx_word' id='word_1_85' title='bbox 282 1379 452 1430; x_wconf 82' lang='lat' dir='ltr'><strong>uterentur</strong></span> <span class='ocrx_word' id='word_1_86' title='bbox 460 1387 470 1443; x_wconf 84' lang='lat'>3</span> <span class='ocrx_word' id='word_1_87' title='bbox 494 1367 623 1452; x_wconf 88' lang='lat' dir='ltr'><strong>quoties</strong></span> <span class='ocrx_word' id='word_1_88' title='bbox 635 1365 834 1452; x_wconf 81' lang='lat' dir='ltr'><strong>deprehensi</strong></span> <span class='ocrx_word' id='word_1_89' title='bbox 846 1369 958 1447; x_wconf 76' lang='lat' dir='ltr'><strong>ell&#39;ent,</strong></span> 
     </span>
     <span class='ocr_line' id='line_1_13' title="bbox 32 1447 961 1524; baseline 0.004 -16"><span class='ocrx_word' id='word_1_90' title='bbox 32 1451 90 1511; x_wconf 78' lang='lat' dir='ltr'><strong>ami</strong></span> <span class='ocrx_word' id='word_1_91' title='bbox 102 1464 307 1511; x_wconf 83' lang='lat' dir='ltr'><strong>montanorum</strong></span> <span class='ocrx_word' id='word_1_92' title='bbox 320 1447 479 1524; x_wconf 83' lang='lat' dir='ltr'><strong>iidcrent,</strong></span> <span class='ocrx_word' id='word_1_93' title='bbox 533 1449 566 1509; x_wconf 89' lang='lat' dir='ltr'><strong>ui</strong></span> <span class='ocrx_word' id='word_1_94' title='bbox 585 1463 649 1510; x_wconf 89' lang='lat' dir='ltr'><strong>non</strong></span> <span class='ocrx_word' id='word_1_95' title='bbox 668 1449 802 1522; x_wconf 88' lang='lat' dir='ltr'><strong>multum</strong></span> <span class='ocrx_word' id='word_1_96' title='bbox 819 1449 961 1512; x_wconf 67' lang='lat' dir='ltr'><strong>inierio⁴</strong></span> 
     </span>
     <span class='ocr_line' id='line_1_14' title="bbox 33 1469 960 1630; baseline 0.002 -40"><span class='ocrx_word' id='word_1_97' title='bbox 33 1553 64 1592; x_wconf 85' lang='lat' dir='ltr'><strong>res</strong></span> <span class='ocrx_word' id='word_1_98' title='bbox 81 1534 170 1594; x_wconf 71' lang='lat' dir='ltr'><strong>uirtute</strong></span> <span class='ocrx_word' id='word_1_99' title='bbox 189 1533 354 1594; x_wconf 82' lang='lat' dir='ltr'><strong>Romanis·</strong></span> <span class='ocrx_word' id='word_1_100' title='bbox 372 1543 475 1594; x_wconf 86' lang='lat' dir='ltr'><strong>erant.</strong></span> <span class='ocrx_word' id='word_1_101' title='bbox 510 1469 636 1612; x_wconf 51' lang='lat' dir='ltr'><strong>(igitur,</strong></span> <span class='ocrx_word' id='word_1_102' title='bbox 666 1529 735 1615; x_wconf 84' lang='lat' dir='ltr'><strong>poll</strong></span> <span class='ocrx_word' id='word_1_103' title='bbox 762 1553 870 1594; x_wconf 78' lang='lat' dir='ltr'><strong>aer-cm</strong></span> <span class='ocrx_word' id='word_1_104' title='bbox 896 1553 960 1630; x_wconf 63' lang='lat' dir='ltr'><strong>pua</strong></span> 
     </span>
     <span class='ocr_line' id='line_1_15' title="bbox 32 1611 960 1698; baseline 0.003 -25"><span class='ocrx_word' id='word_1_105' title='bbox 32 1633 101 1693; x_wconf 79' lang='lat' dir='ltr'><strong>gan,</strong></span> <span class='ocrx_word' id='word_1_106' title='bbox 122 1635 205 1697; x_wconf 86' lang='lat' dir='ltr'><strong>quum</strong></span> <span class='ocrx_word' id='word_1_107' title='bbox 234 1615 383 1698; x_wconf 74' lang='lat' dir='ltr'><strong>singulae</strong></span> <span class='ocrx_word' id='word_1_108' title='bbox 409 1611 514 1676; x_wconf 86' lang='lat' dir='ltr'><strong>iermc</strong></span> <span class='ocrx_word' id='word_1_109' title='bbox 533 1619 698 1676; x_wconf 81' lang='lat' dir='ltr'><strong>Romanae</strong></span> <span class='ocrx_word' id='word_1_110' title='bbox 723 1621 854 1687; x_wconf 70' lang='lat' dir='ltr'><strong>nares,</strong></span> <span class='ocrx_word' id='word_1_111' title='bbox 872 1614 960 1676; x_wconf 85' lang='lat' dir='ltr'><strong>lunis</strong></span> 
     </span>
     <span class='ocr_line' id='line_1_16' title="bbox 32 1693 1028 1780; baseline 0.011 -27"><span class='ocrx_word' id='word_1_112' title='bbox 32 1693 141 1758; x_wconf 86' lang='lat' dir='ltr'><strong>holllihus</strong></span> <span class='ocrx_word' id='word_1_113' title='bbox 160 1696 351 1778; x_wconf 71' lang='lat' dir='ltr'><strong>prehensis,</strong></span> <span class='ocrx_word' id='word_1_114' title='bbox 381 1695 415 1758; x_wconf 89' lang='lat' dir='ltr'><strong>iu</strong></span> <span class='ocrx_word' id='word_1_115' title='bbox 436 1709 609 1780; x_wconf 85' lang='lat' dir='ltr'><strong>utrumque</strong></span> <span class='ocrx_word' id='word_1_116' title='bbox 636 1695 720 1758; x_wconf 86' lang='lat' dir='ltr'><strong>latus</strong></span> <span class='ocrx_word' id='word_1_117' title='bbox 747 1696 959 1771; x_wconf 76' lang='lat' dir='ltr'><strong>dimicarent,</strong></span> <span class='ocrx_word' id='word_1_118' title='bbox 1023 1749 1028 1764; x_wconf 84' lang='lat'><strong>.</strong></span> 
     </span>
     <span class='ocr_line' id='line_1_17' title="bbox 33 1775 1022 1866; baseline 0.003 -28"><span class='ocrx_word' id='word_1_119' title='bbox 33 1775 167 1862; x_wconf 78' lang='lat' dir='ltr'><strong>impugnas</strong></span> <span class='ocrx_word' id='word_1_120' title='bbox 184 1779 243 1840; x_wconf 85' lang='lat' dir='ltr'><strong>fuit</strong></span> <span class='ocrx_word' id='word_1_121' title='bbox 262 1779 388 1852; x_wconf 81' lang='lat' dir='ltr'><strong>exitus,</strong></span> <span class='ocrx_word' id='word_1_122' title='bbox 417 1792 470 1852; x_wconf 89' lang='lat' dir='ltr'><strong>ut,</strong></span> <span class='ocrx_word' id='word_1_123' title='bbox 502 1797 617 1862; x_wconf 81' lang='lat' dir='ltr'><strong>magno</strong></span> <span class='ocrx_word' id='word_1_124' title='bbox 634 1777 827 1842; x_wconf 83' lang='lat' dir='ltr'><strong>Albicorum</strong></span> <span class='ocrx_word' id='word_1_125' title='bbox 851 1793 886 1842; x_wconf 92' lang='lat' dir='ltr'><strong>et</strong></span> <span class='ocrx_word' id='word_1_126' title='bbox 905 1802 961 1866; x_wconf 85' lang='lat' dir='ltr'><strong>pa·</strong></span> <span class='ocrx_word' id='word_1_127' title='bbox 1012 1841 1022 1864; x_wconf 84' lang='lat'><strong>.</strong></span> 
     </span>
     <span class='ocr_line' id='line_1_18' title="bbox 34 1855 961 1946; baseline 0.004 -28"><span class='ocrx_word' id='word_1_128' title='bbox 34 1855 105 1921; x_wconf 82' lang='lat' dir='ltr'><strong>loun</strong></span> <span class='ocrx_word' id='word_1_129' title='bbox 120 1861 216 1932; x_wconf 81' lang='lat' dir='ltr'><strong>amilio</strong></span> <span class='ocrx_word' id='word_1_130' title='bbox 233 1882 390 1934; x_wconf 84' lang='lat' dir='ltr'><strong>numero,</strong></span> <span class='ocrx_word' id='word_1_131' title='bbox 419 1861 664 1929; x_wconf 80' lang='lat' dir='ltr'><strong>Melliliensium</strong></span> <span class='ocrx_word' id='word_1_132' title='bbox 682 1881 782 1926; x_wconf 79' lang='lat' dir='ltr'><strong>naves</strong></span> <span class='ocrx_word' id='word_1_133' title='bbox 803 1881 961 1946; x_wconf 83' lang='lat' dir='ltr'><strong>caperen-</strong></span> 
     </span>
     <span class='ocr_line' id='line_1_19' title="bbox 34 1941 1125 2028; baseline 0.011 -30"><span class='ocrx_word' id='word_1_134' title='bbox 34 1955 64 2000; x_wconf 86' lang='lat' dir='ltr'><strong>nr</strong></span> <span class='ocrx_word' id='word_1_135' title='bbox 76 1957 110 2002; x_wconf 87' lang='lat' dir='ltr'><strong>aut</strong></span> <span class='ocrx_word' id='word_1_136' title='bbox 124 1942 375 2028; x_wconf 88' lang='lat' dir='ltr'><strong>deprimerentur</strong></span> <span class='ocrx_word' id='word_1_137' title='bbox 393 1962 520 2014; x_wconf 70' lang='lat' dir='ltr'><strong>nouem.</strong></span> <span class='ocrx_word' id='word_1_138' title='bbox 563 1942 702 2016; x_wconf 89' lang='lat' dir='ltr'><strong>Nescio,</strong></span> <span class='ocrx_word' id='word_1_139' title='bbox 723 1955 766 2006; x_wconf 84' lang='lat' dir='ltr'><strong>au</strong></span> <span class='ocrx_word' id='word_1_140' title='bbox 784 1941 843 2007; x_wconf 79' lang='lat' dir='ltr'><strong>iilo</strong></span> <span class='ocrx_word' id='word_1_141' title='bbox 884 1964 960 2006; x_wconf 88' lang='lat' dir='ltr'><strong>roe·</strong></span> <span class='ocrx_word' id='word_1_142' title='bbox 990 1957 1022 2010; x_wconf 79' lang='grc'><strong>0.</strong></span> <span class='ocrx_word' id='word_1_143' title='bbox 1038 1957 1125 2012; x_wconf 74' lang='lat' dir='ltr'><strong>Acilii</strong></span> 
     </span>
     <span class='ocr_line' id='line_1_20' title="bbox 33 1966 1073 2110; baseline 0.009 -30"><span class='ocrx_word' id='word_1_144' title='bbox 33 2021 66 2092; x_wconf 86' lang='lat' dir='ltr'><strong>lio,</strong></span> <span class='ocrx_word' id='word_1_145' title='bbox 82 2025 127 2104; x_wconf 86' lang='lat' dir='ltr'><strong>(bis</strong></span> <span class='ocrx_word' id='word_1_146' title='bbox 142 2026 218 2088; x_wconf 88' lang='lat' dir='ltr'><strong>euim</strong></span> <span class='ocrx_word' id='word_1_147' title='bbox 236 2038 415 2110; x_wconf 75' lang='lat' dir='ltr'><strong>pugnatum</strong></span> <span class='ocrx_word' id='word_1_148' title='bbox 433 2023 477 2088; x_wconf 82' lang='lat' dir='ltr'><strong>eil</strong></span> <span class='ocrx_word' id='word_1_149' title='bbox 493 2023 659 2105; x_wconf 83' lang='lat' dir='ltr'><strong>claffihus)</strong></span> <span class='ocrx_word' id='word_1_150' title='bbox 676 2025 734 2088; x_wconf 89' lang='lat' dir='ltr'><strong>illo</strong></span> <span class='ocrx_word' id='word_1_151' title='bbox 750 2040 842 2088; x_wconf 82' lang='lat' dir='ltr'><strong>certe</strong></span> <span class='ocrx_word' id='word_1_152' title='bbox 859 1966 960 2099; x_wconf 68' lang='lat' dir='ltr'><strong>hello,</strong></span> <span class='ocrx_word' id='word_1_153' title='bbox 973 2027 1073 2082; x_wconf 73' lang='lat' dir='ltr'><strong>atrias.</strong></span> 
     </span>
     <span class='ocr_line' id='line_1_21' title="bbox 36 2104 963 2191; baseline 0.004 -25"><span class='ocrx_word' id='word_1_154' title='bbox 36 2107 175 2188; x_wconf 77' lang='lat' dir='ltr'><strong>memorande</strong></span> <span class='ocrx_word' id='word_1_155' title='bbox 191 2111 227 2172; x_wconf 89' lang='lat' dir='ltr'><strong>C.</strong></span> <span class='ocrx_word' id='word_1_156' title='bbox 242 2108 345 2170; x_wconf 83' lang='lat' dir='ltr'><strong>Acilii</strong></span> <span class='ocrx_word' id='word_1_157' title='bbox 363 2105 469 2170; x_wconf 86' lang='lat' dir='ltr'><strong>virtus</strong></span> <span class='ocrx_word' id='word_1_158' title='bbox 490 2104 627 2180; x_wconf 77' lang='lat' dir='ltr'><strong>exstitit,</strong></span> <span class='ocrx_word' id='word_1_159' title='bbox 658 2107 715 2191; x_wconf 89' lang='lat' dir='ltr'><strong>qui</strong></span> <span class='ocrx_word' id='word_1_160' title='bbox 743 2108 890 2170; x_wconf 88' lang='lat' dir='ltr'><strong>decimae</strong></span> <span class='ocrx_word' id='word_1_161' title='bbox 913 2109 963 2170; x_wconf 88' lang='lat' dir='ltr'><strong>le·</strong></span> 
     </span>
     <span class='ocr_line' id='line_1_22' title="bbox 38 2186 961 2274; baseline 0.005 -28"><span class='ocrx_word' id='word_1_162' title='bbox 38 2187 99 2268; x_wconf 70' lang='lat' dir='ltr'><strong>glanis</strong></span> <span class='ocrx_word' id='word_1_163' title='bbox 115 2191 211 2264; x_wconf 86' lang='lat' dir='ltr'><strong>miles,</strong></span> <span class='ocrx_word' id='word_1_164' title='bbox 240 2187 378 2252; x_wconf 87' lang='lat' dir='ltr'><strong>abscilla</strong></span> <span class='ocrx_word' id='word_1_165' title='bbox 399 2186 527 2262; x_wconf 80' lang='lat' dir='ltr'><strong>dextra,</strong></span> <span class='ocrx_word' id='word_1_166' title='bbox 560 2209 655 2272; x_wconf 87' lang='lat' dir='ltr'><strong>quam</strong></span> <span class='ocrx_word' id='word_1_167' title='bbox 681 2189 715 2250; x_wconf 94' lang='lat' dir='ltr'><strong>in</strong></span> <span class='ocrx_word' id='word_1_168' title='bbox 739 2191 878 2274; x_wconf 79' lang='lat' dir='ltr'><strong>puppim</strong></span> <span class='ocrx_word' id='word_1_169' title='bbox 900 2189 961 2252; x_wconf 67' lang='lat' dir='ltr'><strong>ho«</strong></span> 
     </span>
     <span class='ocr_line' id='line_1_23' title="bbox 38 2269 963 2352; baseline 0.006 -24"><span class='ocrx_word' id='word_1_170' title='bbox 38 2269 244 2352; x_wconf 65' lang='lat' dir='ltr'><strong>meminissent,</strong></span> <span class='ocrx_word' id='word_1_171' title='bbox 265 2273 359 2337; x_wconf 79' lang='lat' dir='ltr'><strong>laeva</strong></span> <span class='ocrx_word' id='word_1_172' title='bbox 376 2271 512 2335; x_wconf 86' lang='lat' dir='ltr'><strong>retinuit</strong></span> <span class='ocrx_word' id='word_1_173' title='bbox 528 2290 660 2336; x_wconf 80' lang='lat' dir='ltr'><strong>navem:</strong></span> <span class='ocrx_word' id='word_1_174' title='bbox 682 2269 819 2346; x_wconf 84' lang='lat' dir='ltr'><strong>deinde,</strong></span> <span class='ocrx_word' id='word_1_175' title='bbox 842 2272 963 2334; x_wconf 78' lang='lat' dir='ltr'><strong>ineam</strong></span> 
     </span>
     <span class='ocr_line' id='line_1_24' title="bbox 38 2350 961 2438; baseline 0.003 -30"><span class='ocrx_word' id='word_1_176' title='bbox 38 2352 146 2424; x_wconf 81' lang='lat' dir='ltr'><strong>insiliens,</strong></span> <span class='ocrx_word' id='word_1_177' title='bbox 168 2355 307 2434; x_wconf 87' lang='lat' dir='ltr'><strong>umbone</strong></span> <span class='ocrx_word' id='word_1_178' title='bbox 329 2353 477 2437; x_wconf 86' lang='lat' dir='ltr'><strong>propulit</strong></span> <span class='ocrx_word' id='word_1_179' title='bbox 494 2350 620 2438; x_wconf 82' lang='lat' dir='ltr'><strong>hostes,</strong></span> <span class='ocrx_word' id='word_1_180' title='bbox 649 2373 758 2437; x_wconf 87' lang='lat' dir='ltr'><strong>nequo</strong></span> <span class='ocrx_word' id='word_1_181' title='bbox 782 2353 876 2432; x_wconf 82' lang='lat' dir='ltr'><strong>prius</strong></span> <span class='ocrx_word' id='word_1_182' title='bbox 900 2375 961 2438; x_wconf 77' lang='lat' dir='ltr'><strong>pu-</strong></span> 
     </span>
     <span class='ocr_line' id='line_1_25' title="bbox 38 2433 859 2522; baseline 0.01 -29"><span class='ocrx_word' id='word_1_183' title='bbox 38 2453 95 2513; x_wconf 79' lang='lat' dir='ltr'><strong>pae</strong></span> <span class='ocrx_word' id='word_1_184' title='bbox 107 2433 223 2512; x_wconf 75' lang='lat' dir='ltr'><strong>destitit,</strong></span> <span class='ocrx_word' id='word_1_185' title='bbox 246 2457 343 2521; x_wconf 87' lang='lat' dir='ltr'><strong>quam</strong></span> <span class='ocrx_word' id='word_1_186' title='bbox 363 2449 486 2520; x_wconf 87' lang='lat' dir='ltr'><strong>captam</strong></span> <span class='ocrx_word' id='word_1_187' title='bbox 503 2433 669 2520; x_wconf 80' lang='lat' dir='ltr'><strong>profundo</strong></span> <span class='ocrx_word' id='word_1_188' title='bbox 684 2450 859 2522; x_wconf 82' lang='lat' dir='ltr'><strong>mergeret.</strong></span> 
     </span>
    </p>
   </div>
   <div class='ocr_carea' id='block_1_4' title="bbox 36 2537 1184 3917">
    <p class='ocr_par' dir='ltr' id='par_1_7' title="bbox 36 2537 1184 3917">
     <span class='ocr_line' id='line_1_26' title="bbox 68 2537 1122 2628; baseline 0.001 -29"><span class='ocrx_word' id='word_1_189' title='bbox 68 2537 126 2602; x_wconf 79' lang='lat' dir='ltr'><strong>itit.</strong></span> <span class='ocrx_word' id='word_1_190' title='bbox 150 2544 205 2605; x_wconf 85' lang='lat' dir='ltr'><strong>His</strong></span> <span class='ocrx_word' id='word_1_191' title='bbox 227 2543 270 2605; x_wconf 87' lang='lat' dir='ltr'><strong>ad</strong></span> <span class='ocrx_word' id='word_1_192' title='bbox 290 2541 429 2606; x_wconf 79' lang='lat' dir='ltr'><strong>ilerdam</strong></span> <span class='ocrx_word' id='word_1_193' title='bbox 455 2543 635 2616; x_wconf 84' lang='lat' dir='ltr'><strong>nunciatis,</strong></span> <span class='ocrx_word' id='word_1_194' title='bbox 666 2543 724 2604; x_wconf 87' lang='lat' dir='ltr'><strong>uhi</strong></span> <span class='ocrx_word' id='word_1_195' title='bbox 744 2542 806 2623; x_wconf 87' lang='lat' dir='ltr'><strong>jam</strong></span> <span class='ocrx_word' id='word_1_196' title='bbox 827 2557 960 2628; x_wconf 86' lang='lat' dir='ltr'><strong>pontem</strong></span> <span class='ocrx_word' id='word_1_197' title='bbox 992 2547 1122 2602; x_wconf 72' lang='lat' dir='ltr'><strong>Caesaris</strong></span> 
     </span>
     <span class='ocr_line' id='line_1_27' title="bbox 38 2619 1184 2710; baseline 0.005 -29"><span class='ocrx_word' id='word_1_198' title='bbox 38 2619 280 2699; x_wconf 65' lang='lat' dir='ltr'><strong>coercuerant,</strong></span> <span class='ocrx_word' id='word_1_199' title='bbox 304 2627 410 2688; x_wconf 87' lang='lat' dir='ltr'><strong>omnia</strong></span> <span class='ocrx_word' id='word_1_200' title='bbox 426 2637 564 2710; x_wconf 88' lang='lat' dir='ltr'><strong>repente</strong></span> <span class='ocrx_word' id='word_1_201' title='bbox 582 2637 765 2687; x_wconf 82' lang='lat' dir='ltr'><strong>mutantur:</strong></span> <span class='ocrx_word' id='word_1_202' title='bbox 793 2623 901 2688; x_wconf 81' lang='lat' dir='ltr'><strong>helles</strong></span> <span class='ocrx_word' id='word_1_203' title='bbox 921 2630 1157 2702; x_wconf 47' lang='lat' dir='ltr'><strong>exsuffletur</strong></span> <span class='ocrx_word' id='word_1_204' title='bbox 1180 2669 1184 2678; x_wconf 81' lang='lat'><em>-</em></span> 
     </span>
     <span class='ocr_line' id='line_1_28' title="bbox 37 2689 1120 2779; baseline 0.006 -17"><span class='ocrx_word' id='word_1_205' title='bbox 37 2705 118 2764; x_wconf 79' lang='lat' dir='ltr'><strong>ranna</strong></span> <span class='ocrx_word' id='word_1_206' title='bbox 132 2705 237 2770; x_wconf 81' lang='lat' dir='ltr'><strong>fiducia</strong></span> <span class='ocrx_word' id='word_1_207' title='bbox 256 2711 291 2770; x_wconf 93' lang='lat' dir='ltr'><strong>in</strong></span> <span class='ocrx_word' id='word_1_208' title='bbox 307 2708 477 2768; x_wconf 81' lang='lat' dir='ltr'><strong>maximum</strong></span> <span class='ocrx_word' id='word_1_209' title='bbox 493 2722 612 2769; x_wconf 87' lang='lat' dir='ltr'><strong>metum</strong></span> <span class='ocrx_word' id='word_1_210' title='bbox 632 2707 787 2779; x_wconf 87' lang='lat' dir='ltr'><strong>veniunt,</strong></span> <span class='ocrx_word' id='word_1_211' title='bbox 811 2709 961 2770; x_wconf 83' lang='lat' dir='ltr'><strong>Caesaris</strong></span> <span class='ocrx_word' id='word_1_212' title='bbox 973 2689 1120 2741; x_wconf 52' lang='lat' dir='ltr'>&#39;&#39;mm&#39;&#39;</span> 
     </span>
     <span class='ocr_line' id='line_1_29' title="bbox 36 2787 963 2874; baseline 0.015 -35"><span class='ocrx_word' id='word_1_213' title='bbox 36 2803 66 2842; x_wconf 83' lang='lat' dir='ltr'><strong>ms</strong></span> <span class='ocrx_word' id='word_1_214' title='bbox 81 2789 197 2851; x_wconf 88' lang='lat' dir='ltr'><strong>omnihus</strong></span> <span class='ocrx_word' id='word_1_215' title='bbox 222 2789 329 2852; x_wconf 82' lang='lat' dir='ltr'><strong>modis</strong></span> <span class='ocrx_word' id='word_1_216' title='bbox 356 2787 437 2851; x_wconf 77' lang='lat' dir='ltr'><strong>fiunt</strong></span> <span class='ocrx_word' id='word_1_217' title='bbox 466 2789 667 2873; x_wconf 82' lang='lat' dir='ltr'><strong>superiores.</strong></span> <span class='ocrx_word' id='word_1_218' title='bbox 709 2791 813 2873; x_wconf 77' lang='lat' dir='ltr'><strong>Igitur</strong></span> <span class='ocrx_word' id='word_1_219' title='bbox 838 2791 963 2874; x_wconf 85' lang='lat' dir='ltr'><strong>aliquot</strong></span> 
     </span>
     <span class='ocr_line' id='line_1_30' title="bbox 38 2864 961 2957; baseline 0.008 -32"><span class='ocrx_word' id='word_1_220' title='bbox 38 2864 189 2948; x_wconf 78' lang='lat' dir='ltr'><strong>Hispanorum</strong></span> <span class='ocrx_word' id='word_1_221' title='bbox 204 2873 337 2957; x_wconf 83' lang='lat' dir='ltr'><strong>pepuli,</strong></span> <span class='ocrx_word' id='word_1_222' title='bbox 361 2874 418 2956; x_wconf 87' lang='lat' dir='ltr'><strong>qui</strong></span> <span class='ocrx_word' id='word_1_223' title='bbox 432 2869 698 2955; x_wconf 77' lang='lat' dir='ltr'><strong>Pompeianarum</strong></span> <span class='ocrx_word' id='word_1_224' title='bbox 718 2872 858 2955; x_wconf 86' lang='lat' dir='ltr'><strong>partium</strong></span> <span class='ocrx_word' id='word_1_225' title='bbox 878 2891 961 2934; x_wconf 90' lang='lat' dir='ltr'><strong>sem·</strong></span> 
     </span>
     <span class='ocr_line' id='line_1_31' title="bbox 37 2948 1039 3038; baseline 0.012 -34"><span class='ocrx_word' id='word_1_226' title='bbox 37 2948 243 3026; x_wconf 65' lang='lat' dir='ltr'><strong>parliamenti</strong></span> <span class='ocrx_word' id='word_1_227' title='bbox 256 2956 428 3016; x_wconf 86' lang='lat' dir='ltr'><strong>Caesarem</strong></span> <span class='ocrx_word' id='word_1_228' title='bbox 444 2953 653 3015; x_wconf 82' lang='lat' dir='ltr'><strong>deiecerunt:</strong></span> <span class='ocrx_word' id='word_1_229' title='bbox 675 2953 841 3016; x_wconf 86' lang='lat' dir='ltr'><strong>Oscenses</strong></span> <span class='ocrx_word' id='word_1_230' title='bbox 861 2955 961 3017; x_wconf 89' lang='lat' dir='ltr'><strong>ethis</strong></span> <span class='ocrx_word' id='word_1_231' title='bbox 1035 3016 1039 3038; x_wconf 51' lang='grc'>,</span> 
     </span>
     <span class='ocr_line' id='line_1_32' title="bbox 39 3033 962 3121; baseline 0.013 -37"><span class='ocrx_word' id='word_1_232' title='bbox 39 3033 154 3096; x_wconf 83' lang='lat' dir='ltr'><strong>ronaibuti</strong></span> <span class='ocrx_word' id='word_1_233' title='bbox 166 3035 408 3121; x_wconf 82' lang='lat' dir='ltr'><strong>Calagurritani,</strong></span> <span class='ocrx_word' id='word_1_234' title='bbox 427 3039 703 3111; x_wconf 79' lang='lat' dir='ltr'><strong>Tarraconenses,</strong></span> <span class='ocrx_word' id='word_1_235' title='bbox 721 3037 878 3111; x_wconf 79' lang='lat' dir='ltr'><strong>iacetani,</strong></span> <span class='ocrx_word' id='word_1_236' title='bbox 894 3037 962 3098; x_wconf 82' lang='lat' dir='ltr'><strong>Au-</strong></span> 
     </span>
     <span class='ocr_line' id='line_1_33' title="bbox 39 3113 960 3202; baseline 0.015 -37"><span class='ocrx_word' id='word_1_237' title='bbox 39 3113 112 3186; x_wconf 75' lang='lat' dir='ltr'><strong>setani,</strong></span> <span class='ocrx_word' id='word_1_238' title='bbox 137 3117 427 3202; x_wconf 79' lang='lat' dir='ltr'><strong>lllurgaaonenses,</strong></span> <span class='ocrx_word' id='word_1_239' title='bbox 487 3119 608 3202; x_wconf 90' lang='lat' dir='ltr'><strong>uinque</strong></span> <span class='ocrx_word' id='word_1_240' title='bbox 638 3136 770 3201; x_wconf 82' lang='lat' dir='ltr'><strong>magnae</strong></span> <span class='ocrx_word' id='word_1_241' title='bbox 798 3119 960 3180; x_wconf 81' lang='lat' dir='ltr'><strong>civitates.</strong></span> 
     </span>
     <span class='ocr_line' id='line_1_34' title="bbox 39 3139 960 3280; baseline 0.004 -24"><span class='ocrx_word' id='word_1_242' title='bbox 39 3191 66 3250; x_wconf 77' lang='lat' dir='ltr'><strong>lb</strong></span> <span class='ocrx_word' id='word_1_243' title='bbox 82 3193 117 3258; x_wconf 86' lang='lat' dir='ltr'><strong>his</strong></span> <span class='ocrx_word' id='word_1_244' title='bbox 137 3199 291 3264; x_wconf 81' lang='lat' dir='ltr'><strong>frumento</strong></span> <span class='ocrx_word' id='word_1_245' title='bbox 316 3201 443 3280; x_wconf 87' lang='lat' dir='ltr'><strong>adjutus</strong></span> <span class='ocrx_word' id='word_1_246' title='bbox 462 3139 583 3264; x_wconf 57' lang='lat' dir='ltr'><strong>gueser</strong></span> <span class='ocrx_word' id='word_1_247' title='bbox 607 3199 818 3262; x_wconf 84' lang='lat' dir='ltr'><strong>difficultates</strong></span> <span class='ocrx_word' id='word_1_248' title='bbox 847 3220 960 3262; x_wconf 91' lang='lat' dir='ltr'><strong>omnes</strong></span> 
     </span>
     <span class='ocr_line' id='line_1_35' title="bbox 39 3273 965 3368; baseline 0.011 -34"><span class='ocrx_word' id='word_1_249' title='bbox 39 3273 122 3350; x_wconf 79' lang='lat' dir='ltr'><strong>pulchre</strong></span> <span class='ocrx_word' id='word_1_250' title='bbox 141 3283 288 3364; x_wconf 82' lang='lat' dir='ltr'><strong>explicat:</strong></span> <span class='ocrx_word' id='word_1_251' title='bbox 322 3283 439 3367; x_wconf 89' lang='lat' dir='ltr'><strong>quihus</strong></span> <span class='ocrx_word' id='word_1_252' title='bbox 468 3283 568 3346; x_wconf 82' lang='lat' dir='ltr'><strong>rebus</strong></span> <span class='ocrx_word' id='word_1_253' title='bbox 596 3282 737 3368; x_wconf 88' lang='lat' dir='ltr'><strong>permoti</strong></span> <span class='ocrx_word' id='word_1_254' title='bbox 762 3283 816 3344; x_wconf 89' lang='lat' dir='ltr'><strong>alii</strong></span> <span class='ocrx_word' id='word_1_255' title='bbox 845 3281 965 3366; x_wconf 87' lang='lat' dir='ltr'><strong>populi·</strong></span> 
     </span>
     <span class='ocr_line' id='line_1_36' title="bbox 40 3353 961 3448; baseline 0.008 -31"><span class='ocrx_word' id='word_1_256' title='bbox 40 3353 118 3438; x_wconf 73' lang='lat' dir='ltr'><strong>longia</strong></span> <span class='ocrx_word' id='word_1_257' title='bbox 134 3365 305 3438; x_wconf 87' lang='lat' dir='ltr'><strong>colentium,</strong></span> <span class='ocrx_word' id='word_1_258' title='bbox 329 3379 362 3426; x_wconf 90' lang='lat' dir='ltr'><strong>et</strong></span> <span class='ocrx_word' id='word_1_259' title='bbox 379 3363 588 3448; x_wconf 82' lang='lat' dir='ltr'><strong>qniasalsum</strong></span> <span class='ocrx_word' id='word_1_260' title='bbox 608 3365 703 3426; x_wconf 83' lang='lat' dir='ltr'><strong>suiiie</strong></span> <span class='ocrx_word' id='word_1_261' title='bbox 724 3383 889 3425; x_wconf 87' lang='lat' dir='ltr'><strong>rumorem</strong></span> <span class='ocrx_word' id='word_1_262' title='bbox 904 3385 961 3446; x_wconf 86' lang='lat' dir='ltr'><strong>ap·</strong></span> 
     </span>
     <span class='ocr_line' id='line_1_37' title="bbox 40 3441 964 3532; baseline 0.004 -31"><span class='ocrx_word' id='word_1_263' title='bbox 40 3441 136 3532; x_wconf 69' lang='lat' dir='ltr'><strong>ptraln,</strong></span> <span class='ocrx_word' id='word_1_264' title='bbox 158 3447 341 3531; x_wconf 81' lang='lat' dir='ltr'><strong>Pompeium</strong></span> <span class='ocrx_word' id='word_1_265' title='bbox 362 3467 433 3508; x_wconf 91' lang='lat' dir='ltr'><strong>cum</strong></span> <span class='ocrx_word' id='word_1_266' title='bbox 454 3448 640 3530; x_wconf 77' lang='lat' dir='ltr'><strong>legionibus</strong></span> <span class='ocrx_word' id='word_1_267' title='bbox 662 3467 722 3530; x_wconf 91' lang='lat' dir='ltr'><strong>per</strong></span> <span class='ocrx_word' id='word_1_268' title='bbox 736 3446 964 3509; x_wconf 84' lang='lat' dir='ltr'><strong>Mauritaniam</strong></span> 
     </span>
     <span class='ocr_line' id='line_1_38' title="bbox 40 3525 963 3594; baseline -0.007 0"><span class='ocrx_word' id='word_1_269' title='bbox 40 3535 121 3594; x_wconf 72' lang='lat' dir='ltr'><strong>tenne,</strong></span> <span class='ocrx_word' id='word_1_270' title='bbox 139 3525 172 3586; x_wconf 82' lang='lat' dir='ltr'><strong>aii</strong></span> <span class='ocrx_word' id='word_1_271' title='bbox 183 3531 328 3592; x_wconf 70' lang='lat' dir='ltr'><strong>Caesaris</strong></span> <span class='ocrx_word' id='word_1_272' title='bbox 349 3529 518 3591; x_wconf 86' lang='lat' dir='ltr'><strong>amicitiam</strong></span> <span class='ocrx_word' id='word_1_273' title='bbox 538 3549 574 3591; x_wconf 88' lang='lat' dir='ltr'><strong>se</strong></span> <span class='ocrx_word' id='word_1_274' title='bbox 592 3527 837 3590; x_wconf 81' lang='lat' dir='ltr'><strong>transtulerunt.</strong></span> <span class='ocrx_word' id='word_1_275' title='bbox 878 3531 963 3589; x_wconf 90' lang='lat' dir='ltr'><strong>Per·</strong></span> 
     </span>
     <span class='ocr_line' id='line_1_39' title="bbox 40 3605 963 3694; baseline 0.008 -32"><span class='ocrx_word' id='word_1_276' title='bbox 40 3605 118 3666; x_wconf 78' lang='lat' dir='ltr'><strong>ttnitia</strong></span> <span class='ocrx_word' id='word_1_277' title='bbox 130 3607 192 3672; x_wconf 87' lang='lat' dir='ltr'><strong>hinc</strong></span> <span class='ocrx_word' id='word_1_278' title='bbox 208 3609 403 3694; x_wconf 67' lang='lat' dir='ltr'><strong>aduersariis</strong></span> <span class='ocrx_word' id='word_1_279' title='bbox 421 3625 457 3672; x_wconf 92' lang='lat' dir='ltr'><strong>ut</strong></span> <span class='ocrx_word' id='word_1_280' title='bbox 474 3613 580 3674; x_wconf 87' lang='lat' dir='ltr'><strong>acrius</strong></span> <span class='ocrx_word' id='word_1_281' title='bbox 599 3608 729 3672; x_wconf 82' lang='lat' dir='ltr'><strong>instaret</strong></span> <span class='ocrx_word' id='word_1_282' title='bbox 741 3611 870 3682; x_wconf 88' lang='lat' dir='ltr'><strong>Caesar,</strong></span> <span class='ocrx_word' id='word_1_283' title='bbox 892 3607 963 3670; x_wconf 89' lang='lat' dir='ltr'><strong>ios-</strong></span> 
     </span>
     <span class='ocr_line' id='line_1_40' title="bbox 41 3687 964 3777; baseline 0.005 -31"><span class='ocrx_word' id='word_1_284' title='bbox 41 3699 68 3741; x_wconf 70' lang='lat' dir='ltr'><strong>aa</strong></span> <span class='ocrx_word' id='word_1_285' title='bbox 78 3687 162 3768; x_wconf 85' lang='lat' dir='ltr'><strong>pedum</strong></span> <span class='ocrx_word' id='word_1_286' title='bbox 175 3695 301 3777; x_wconf 80' lang='lat' dir='ltr'><strong>triginta</strong></span> <span class='ocrx_word' id='word_1_287' title='bbox 316 3694 436 3758; x_wconf 88' lang='lat' dir='ltr'><strong>ducere</strong></span> <span class='ocrx_word' id='word_1_288' title='bbox 450 3690 603 3766; x_wconf 85' lang='lat' dir='ltr'><strong>inilituit,</strong></span> <span class='ocrx_word' id='word_1_289' title='bbox 626 3692 743 3775; x_wconf 87' lang='lat' dir='ltr'><strong>quibus</strong></span> <span class='ocrx_word' id='word_1_290' title='bbox 761 3713 837 3774; x_wconf 88' lang='lat' dir='ltr'><strong>pars</strong></span> <span class='ocrx_word' id='word_1_291' title='bbox 856 3692 964 3774; x_wconf 88' lang='lat' dir='ltr'><strong>aliqua</strong></span> 
     </span>
     <span class='ocr_line' id='line_1_41' title="bbox 42 3761 964 3917; baseline 0.015 -96"><span class='ocrx_word' id='word_1_292' title='bbox 42 3761 131 3834; x_wconf 85' lang='lat' dir='ltr'><strong>luminis</strong></span> <span class='ocrx_word' id='word_1_293' title='bbox 146 3791 358 3854; x_wconf 60' lang='lat' dir='ltr'><strong>avertet-etun</strong></span> <span class='ocrx_word' id='word_1_294' title='bbox 386 3796 450 3862; x_wconf 87' lang='lat' dir='ltr'><strong>quo</strong></span> <span class='ocrx_word' id='word_1_295' title='bbox 467 3776 548 3838; x_wconf 79' lang='lat' dir='ltr'><strong>rado</strong></span> <span class='ocrx_word' id='word_1_296' title='bbox 563 3775 695 3837; x_wconf 86' lang='lat' dir='ltr'><strong>transiri</strong></span> <span class='ocrx_word' id='word_1_297' title='bbox 709 3775 832 3858; x_wconf 81' lang='lat' dir='ltr'><strong>pollet,</strong></span> <span class='ocrx_word' id='word_1_298' title='bbox 854 3791 964 3917; x_wconf 68' lang='lat' dir='ltr'><strong>neopue</strong></span> 
     </span>
    </p>
   </div>
   <div class='ocr_carea' id='block_1_5' title="bbox 42 3843 962 3994">
    <p class='ocr_par' dir='ltr' id='par_1_8' title="bbox 42 3843 962 3994">
     <span class='ocr_line' id='line_1_42' title="bbox 42 3843 962 3994; baseline 0.004 -80"><span class='ocrx_word' id='word_1_299' title='bbox 42 3843 102 3994; x_wconf 45' lang='lat' dir='ltr'><strong>luppo</strong></span> <span class='ocrx_word' id='word_1_300' title='bbox 113 3855 259 3924; x_wconf 75' lang='lat' dir='ltr'><strong>thramite</strong></span> <span class='ocrx_word' id='word_1_301' title='bbox 278 3879 339 3946; x_wconf 87' lang='lat' dir='ltr'><strong>per</strong></span> <span class='ocrx_word' id='word_1_302' title='bbox 356 3873 487 3946; x_wconf 87' lang='lat' dir='ltr'><strong>pontem</strong></span> <span class='ocrx_word' id='word_1_303' title='bbox 505 3855 747 3921; x_wconf 86' lang='lat' dir='ltr'><strong>transmittendi</strong></span> <span class='ocrx_word' id='word_1_304' title='bbox 765 3857 895 3944; x_wconf 83' lang='lat' dir='ltr'><strong>equites</strong></span> <span class='ocrx_word' id='word_1_305' title='bbox 927 3874 962 3918; x_wconf 92' lang='lat' dir='ltr'><strong>o·</strong></span> 
     </span>
    </p>
   </div>
   <div class='ocr_carea' id='block_1_6' title="bbox 45 4039 311 4070">
    <p class='ocr_par' dir='ltr' id='par_1_9' title="bbox 45 4039 311 4070">
     <span class='ocr_line' id='line_1_43' title="bbox 45 4039 311 4070; baseline 0.008 -2"><span class='ocrx_word' id='word_1_306' title='bbox 45 4039 311 4070; x_wconf 33' lang='lat' dir='ltr'>*Qu-—</span> 
     </span>
    </p>
   </div>
   <div class='ocr_carea' id='block_1_7' title="bbox 46 4061 968 4306">
    <p class='ocr_par' dir='ltr' id='par_1_10' title="bbox 46 4061 968 4306">
     <span class='ocr_line' id='line_1_44' title="bbox 63 4061 968 4166; baseline -0.003 -22"><span class='ocrx_word' id='word_1_307' title='bbox 63 4081 165 4156; x_wconf 70' lang='lat' dir='ltr'><strong>Capxx,</strong></span> <span class='ocrx_word' id='word_1_308' title='bbox 186 4091 264 4150; x_wconf 80' lang='lat' dir='ltr'><strong>inira</strong></span> <span class='ocrx_word' id='word_1_309' title='bbox 301 4091 387 4154; x_wconf 71' lang='lat' dir='ltr'><strong>asu.</strong></span> <span class='ocrx_word' id='word_1_310' title='bbox 413 4093 521 4149; x_wconf 84' lang='lat' dir='ltr'><strong>Lucan.</strong></span> <span class='ocrx_word' id='word_1_311' title='bbox 544 4093 667 4148; x_wconf 85' lang='lat' dir='ltr'><strong>Sueten.</strong></span> <span class='ocrx_word' id='word_1_312' title='bbox 688 4078 772 4144; x_wconf 82' lang='lat' dir='ltr'><strong>Gaea.</strong></span> <span class='ocrx_word' id='word_1_313' title='bbox 791 4105 818 4141; x_wconf 93' lang='lat' dir='ltr'><strong>c.</strong></span> <span class='ocrx_word' id='word_1_314' title='bbox 829 4083 876 4140; x_wconf 83' lang='lat'><strong>68.</strong></span> <span class='ocrx_word' id='word_1_315' title='bbox 894 4061 968 4166; x_wconf 58' lang='lat' dir='ltr'><strong>isal·¹</strong></span> 
     </span>
     <span class='ocr_line' id='line_1_45' title="bbox 46 4131 963 4236; baseline -0.009 -16"><span class='ocrx_word' id='word_1_316' title='bbox 46 4147 123 4220; x_wconf 63' lang='lat' dir='ltr'><strong>iana,</strong></span> <span class='ocrx_word' id='word_1_317' title='bbox 135 4177 154 4215; x_wconf 88' lang='lat' dir='ltr'><strong>a.</strong></span> <span class='ocrx_word' id='word_1_318' title='bbox 174 4161 242 4220; x_wconf 85' lang='lat' dir='ltr'><strong>Plut.</strong></span> <span class='ocrx_word' id='word_1_319' title='bbox 261 4131 346 4220; x_wconf 79' lang='lat' dir='ltr'><strong>(laea.</strong></span> <span class='ocrx_word' id='word_1_320' title='bbox 389 4161 463 4236; x_wconf 76' lang='lat' dir='ltr'><strong>Gap.</strong></span> <span class='ocrx_word' id='word_1_321' title='bbox 481 4163 556 4218; x_wconf 71' lang='lat' dir='ltr'><strong>xxi.</strong></span> <span class='ocrx_word' id='word_1_322' title='bbox 577 4161 645 4216; x_wconf 85' lang='lat' dir='ltr'><strong>Dio.</strong></span> <span class='ocrx_word' id='word_1_323' title='bbox 662 4161 773 4216; x_wconf 81' lang='lat' dir='ltr'><strong>Lucan.</strong></span> <span class='ocrx_word' id='word_1_324' title='bbox 785 4161 814 4226; x_wconf 84' lang='grc'><strong>4.</strong></span> <span class='ocrx_word' id='word_1_325' title='bbox 832 4153 963 4228; x_wconf 72' lang='lat' dir='ltr'><strong>Appiam·</strong></span> 
     </span>
     <span class='ocr_line' id='line_1_46' title="bbox 47 4217 643 4306; baseline 0.017 -31"><span class='ocrx_word' id='word_1_326' title='bbox 47 4217 93 4278; x_wconf 81' lang='lat' dir='ltr'><strong>llor.</strong></span> <span class='ocrx_word' id='word_1_327' title='bbox 105 4227 160 4288; x_wconf 77' lang='lat' dir='ltr'><strong>utra</strong></span> <span class='ocrx_word' id='word_1_328' title='bbox 176 4231 253 4292; x_wconf 84' lang='lat' dir='ltr'><strong>Caes.</strong></span> <span class='ocrx_word' id='word_1_329' title='bbox 272 4235 359 4290; x_wconf 86' lang='lat' dir='ltr'><strong>Oros.</strong></span> <span class='ocrx_word' id='word_1_330' title='bbox 378 4231 442 4288; x_wconf 75' lang='lat' dir='ltr'><strong>civ.</strong></span> <span class='ocrx_word' id='word_1_331' title='bbox 458 4232 537 4306; x_wconf 83' lang='lat' dir='ltr'><strong>Epit.</strong></span> <span class='ocrx_word' id='word_1_332' title='bbox 556 4233 643 4292; x_wconf 74' lang='lat' dir='ltr'><strong>Gaea.</strong></span> 
     </span>
    </p>
   </div>
   <div class='ocr_carea' id='block_1_8' title="bbox 0 0 1327 4686">
    <p class='ocr_par' dir='ltr' id='par_1_11' title="bbox 0 0 1327 4686">
     <span class='ocr_line' id='line_1_47' title="bbox 0 0 1327 4686; baseline 0 0"><span class='ocrx_word' id='word_1_333' title='bbox 0 0 1327 4686; x_wconf 95' lang='lat' dir='ltr'><strong> </strong></span> 
     </span>
    </p>
   </div>
  </div>
 </body>
</html>
