<?xml version="1.0" encoding="UTF-8"?>
<!DOCTYPE html PUBLIC "-//W3C//DTD XHTML 1.0 Transitional//EN"
    "http://www.w3.org/TR/xhtml1/DTD/xhtml1-transitional.dtd">
<html xmlns="http://www.w3.org/1999/xhtml" xml:lang="en" lang="en">
 <head>
  <title>
</title>
<meta http-equiv="Content-Type" content="text/html;charset=utf-8" />
  <meta name='ocr-system' content='tesseract 3.04.00' />
  <meta name='ocr-capabilities' content='ocr_page ocr_carea ocr_par ocr_line ocrx_word'/>
</head>
<body>
  <div class='ocr_page' id='page_1' title='image "./tliviipatavinih02drakgoog_0171.png"; bbox 0 0 2596 4686; ppageno 0'>
   <div class='ocr_carea' id='block_1_1' title="bbox 261 307 1284 421">
    <p class='ocr_par' dir='ltr' id='par_1_1' title="bbox 261 307 1284 421">
     <span class='ocr_line' id='line_1_1' title="bbox 261 307 1284 421; baseline 0.006 -16"><span class='ocrx_word' id='word_1_1' title='bbox 261 395 275 421; x_wconf 76' lang='grc'><em>,</em></span> <span class='ocrx_word' id='word_1_2' title='bbox 326 307 395 409; x_wconf 61' lang='lat' dir='ltr'><strong>ito*</strong></span> <span class='ocrx_word' id='word_1_3' title='bbox 423 319 1284 410; x_wconf 72' lang='lat' dir='ltr'><strong>eneruemsuernsunurouuunmmxnx.</strong></span> 
     </span>
    </p>
   </div>
   <div class='ocr_carea' id='block_1_2' title="bbox 122 523 1284 1873">
    <p class='ocr_par' dir='ltr' id='par_1_2' title="bbox 122 523 1284 1786">
     <span class='ocr_line' id='line_1_2' title="bbox 156 523 1284 638; baseline -0.003 -17"><span class='ocrx_word' id='word_1_4' title='bbox 156 541 191 606; x_wconf 71' lang='lat' dir='ltr'><strong>ll·</strong></span> <span class='ocrx_word' id='word_1_5' title='bbox 213 551 310 621; x_wconf 75' lang='lat'><strong>⁰·706·</strong></span> <span class='ocrx_word' id='word_1_6' title='bbox 387 557 441 616; x_wconf 90' lang='lat' dir='ltr'><strong>lll.</strong></span> <span class='ocrx_word' id='word_1_7' title='bbox 473 551 559 626; x_wconf 84' lang='lat' dir='ltr'><strong>Sed,</strong></span> <span class='ocrx_word' id='word_1_8' title='bbox 590 551 756 614; x_wconf 80' lang='lat' dir='ltr'><strong>ubivires</strong></span> <span class='ocrx_word' id='word_1_9' title='bbox 776 551 986 636; x_wconf 86' lang='lat' dir='ltr'><strong>placuerunt,</strong></span> <span class='ocrx_word' id='word_1_10' title='bbox 1015 523 1154 638; x_wconf 68' lang='lat' dir='ltr'><strong>vulgatis</strong></span> <span class='ocrx_word' id='word_1_11' title='bbox 1178 553 1284 638; x_wconf 80' lang='lat' dir='ltr'><strong>epistoli</strong></span> 
     </span>
     <span class='ocr_line' id='line_1_3' title="bbox 152 621 1284 731; baseline 0.003 -36"><span class='ocrx_word' id='word_1_12' title='bbox 152 621 188 674; x_wconf 68' lang='lat'><strong>‘⁴-</strong></span> <span class='ocrx_word' id='word_1_13' title='bbox 206 621 239 676; x_wconf 75' lang='lat'><strong>0·</strong></span> <span class='ocrx_word' id='word_1_14' title='bbox 255 625 300 686; x_wconf 68' lang='lat'><strong>4⁶·</strong></span> <span class='ocrx_word' id='word_1_15' title='bbox 325 633 536 731; x_wconf 84' lang='lat' dir='ltr'><strong>qnibusdam,</strong></span> <span class='ocrx_word' id='word_1_16' title='bbox 559 655 638 718; x_wconf 85' lang='lat' dir='ltr'><strong>quus</strong></span> <span class='ocrx_word' id='word_1_17' title='bbox 658 634 761 712; x_wconf 83' lang='lat' dir='ltr'><strong>e&#39;jebat</strong></span> <span class='ocrx_word' id='word_1_18' title='bbox 783 652 823 694; x_wconf 85' lang='lat' dir='ltr'><strong>ex</strong></span> <span class='ocrx_word' id='word_1_19' title='bbox 840 634 953 710; x_wconf 80' lang='lat' dir='ltr'><strong>Africa</strong></span> <span class='ocrx_word' id='word_1_20' title='bbox 975 635 1095 698; x_wconf 84' lang='lat' dir='ltr'><strong>misillc</strong></span> <span class='ocrx_word' id='word_1_21' title='bbox 1113 636 1284 720; x_wconf 85' lang='lat' dir='ltr'><strong>Scipionem</strong></span> 
     </span>
     <span class='ocr_line' id='line_1_4' title="bbox 129 689 1284 810; baseline 0.001 -33"><span class='ocrx_word' id='word_1_22' title='bbox 129 689 307 810; x_wconf 40' lang='lat' dir='ltr'><strong>&#39;‘lff‘ss&#39;fgss&#39;</strong></span> <span class='ocrx_word' id='word_1_23' title='bbox 323 717 493 799; x_wconf 80' lang='lat' dir='ltr'><strong>(interitus</strong></span> <span class='ocrx_word' id='word_1_24' title='bbox 518 727 623 776; x_wconf 86' lang='lat' dir='ltr'><strong>eutem</strong></span> <span class='ocrx_word' id='word_1_25' title='bbox 650 715 819 786; x_wconf 77' lang='lat' dir='ltr'>Caesaris,</span> <span class='ocrx_word' id='word_1_26' title='bbox 851 730 884 774; x_wconf 87' lang='lat' dir='ltr'><strong>et</strong></span> <span class='ocrx_word' id='word_1_27' title='bbox 907 717 1104 779; x_wconf 86' lang='lat' dir='ltr'><strong>commillum</strong></span> <span class='ocrx_word' id='word_1_28' title='bbox 1126 719 1192 801; x_wconf 90' lang='lat' dir='ltr'><strong>ipsi</strong></span> <span class='ocrx_word' id='word_1_29' title='bbox 1212 739 1228 777; x_wconf 87' lang='lat' dir='ltr'><strong>a</strong></span> <span class='ocrx_word' id='word_1_30' title='bbox 1245 719 1284 780; x_wconf 81' lang='lat' dir='ltr'><strong>sn</strong></span> 
     </span>
     <span class='ocr_line' id='line_1_5' title="bbox 122 775 1284 890; baseline 0 -30"><span class='ocrx_word' id='word_1_31' title='bbox 122 775 279 890; x_wconf 63' lang='lat' dir='ltr'><strong>fi„:„„„:</strong></span> <span class='ocrx_word' id='word_1_32' title='bbox 299 791 421 884; x_wconf 65' lang='lat' dir='ltr'><strong>‘piene</strong></span> <span class='ocrx_word' id='word_1_33' title='bbox 442 795 615 881; x_wconf 88' lang='lat' dir='ltr'><strong>imperium</strong></span> <span class='ocrx_word' id='word_1_34' title='bbox 634 795 877 874; x_wconf 87' lang='lat' dir='ltr'><strong>continebatur)</strong></span> <span class='ocrx_word' id='word_1_35' title='bbox 895 795 1011 858; x_wconf 86' lang='lat' dir='ltr'><strong>ducem</strong></span> <span class='ocrx_word' id='word_1_36' title='bbox 1030 799 1171 882; x_wconf 86' lang='lat' dir='ltr'><strong>partium</strong></span> <span class='ocrx_word' id='word_1_37' title='bbox 1190 799 1284 881; x_wconf 78' lang='lat' dir='ltr'><strong>proles</strong></span> 
     </span>
     <span class='ocr_line' id='line_1_6' title="bbox 126 877 1284 962; baseline -0.004 -16"><span class='ocrx_word' id='word_1_38' title='bbox 126 904 215 946; x_wconf 77' lang='lat' dir='ltr'><strong>errat.</strong></span> <span class='ocrx_word' id='word_1_39' title='bbox 322 903 389 950; x_wconf 85' lang='lat' dir='ltr'><strong>sus,</strong></span> <span class='ocrx_word' id='word_1_40' title='bbox 414 883 534 960; x_wconf 83' lang='lat' dir='ltr'><strong>Tyrum</strong></span> <span class='ocrx_word' id='word_1_41' title='bbox 552 893 698 960; x_wconf 88' lang='lat' dir='ltr'><strong>occupat.</strong></span> <span class='ocrx_word' id='word_1_42' title='bbox 720 877 797 939; x_wconf 88' lang='lat' dir='ltr'><strong>inde</strong></span> <span class='ocrx_word' id='word_1_43' title='bbox 817 877 857 938; x_wconf 85' lang='lat' dir='ltr'><strong>ad</strong></span> <span class='ocrx_word' id='word_1_44' title='bbox 875 877 1284 962; x_wconf 78' lang='lat' dir='ltr'><strong>castra8e1.Caesarisprn</strong></span> 
     </span>
     <span class='ocr_line' id='line_1_7' title="bbox 320 955 1284 1046; baseline 0.001 -23"><span class='ocrx_word' id='word_1_45' title='bbox 320 961 426 1023; x_wconf 85' lang='lat' dir='ltr'><strong>ficisci</strong></span> <span class='ocrx_word' id='word_1_46' title='bbox 442 981 557 1032; x_wconf 88' lang='lat' dir='ltr'><strong>ansus,</strong></span> <span class='ocrx_word' id='word_1_47' title='bbox 580 960 710 1042; x_wconf 87' lang='lat' dir='ltr'><strong>proelio</strong></span> <span class='ocrx_word' id='word_1_48' title='bbox 729 959 882 1032; x_wconf 86' lang='lat' dir='ltr'><strong>vincitur,</strong></span> <span class='ocrx_word' id='word_1_49' title='bbox 907 955 940 1022; x_wconf 77' lang='lat' dir='ltr'><strong>e&#39;t</strong></span> <span class='ocrx_word' id='word_1_50' title='bbox 957 961 1074 1024; x_wconf 84' lang='lat' dir='ltr'><strong>vulnus</strong></span> <span class='ocrx_word' id='word_1_51' title='bbox 1096 963 1225 1046; x_wconf 87' lang='lat' dir='ltr'><strong>accipit.</strong></span> <span class='ocrx_word' id='word_1_52' title='bbox 1254 983 1284 1024; x_wconf 84' lang='lat' dir='ltr'><strong>ue</strong></span> 
     </span>
     <span class='ocr_line' id='line_1_8' title="bbox 319 1039 1284 1126; baseline -0.001 -21"><span class='ocrx_word' id='word_1_53' title='bbox 319 1045 406 1105; x_wconf 89' lang='lat' dir='ltr'><strong>ultra</strong></span> <span class='ocrx_word' id='word_1_54' title='bbox 423 1041 488 1103; x_wconf 87' lang='lat' dir='ltr'><strong>rim</strong></span> <span class='ocrx_word' id='word_1_55' title='bbox 506 1040 652 1124; x_wconf 78' lang='lat' dir='ltr'><strong>experiri</strong></span> <span class='ocrx_word' id='word_1_56' title='bbox 670 1041 796 1114; x_wconf 81' lang='lat' dir='ltr'><strong>volens,</strong></span> <span class='ocrx_word' id='word_1_57' title='bbox 819 1039 858 1101; x_wconf 90' lang='lat' dir='ltr'><strong>ad</strong></span> <span class='ocrx_word' id='word_1_58' title='bbox 875 1043 1135 1126; x_wconf 88' lang='lat' dir='ltr'><strong>corrumpendos</strong></span> <span class='ocrx_word' id='word_1_59' title='bbox 1151 1043 1241 1106; x_wconf 83' lang='lat' dir='ltr'><strong>Sesti</strong></span> <span class='ocrx_word' id='word_1_60' title='bbox 1255 1046 1284 1104; x_wconf 88' lang='lat' dir='ltr'><strong>mi</strong></span> 
     </span>
     <span class='ocr_line' id='line_1_9' title="bbox 318 1122 1284 1196; baseline 0.002 -10"><span class='ocrx_word' id='word_1_61' title='bbox 318 1125 396 1188; x_wconf 90' lang='lat' dir='ltr'><strong>lites</strong></span> <span class='ocrx_word' id='word_1_62' title='bbox 417 1144 452 1190; x_wconf 83' lang='lat' dir='ltr'><strong>se</strong></span> <span class='ocrx_word' id='word_1_63' title='bbox 468 1123 652 1196; x_wconf 86' lang='lat' dir='ltr'><strong>convertit,</strong></span> <span class='ocrx_word' id='word_1_64' title='bbox 674 1122 737 1184; x_wconf 88' lang='lat' dir='ltr'><strong>hoc</strong></span> <span class='ocrx_word' id='word_1_65' title='bbox 757 1136 893 1194; x_wconf 82' lang='lat' dir='ltr'><strong>eventu,</strong></span> <span class='ocrx_word' id='word_1_66' title='bbox 917 1138 951 1186; x_wconf 91' lang='lat' dir='ltr'><strong>ut</strong></span> <span class='ocrx_word' id='word_1_67' title='bbox 971 1139 1003 1186; x_wconf 90' lang='lat' dir='ltr'><strong>et</strong></span> <span class='ocrx_word' id='word_1_68' title='bbox 1019 1125 1136 1190; x_wconf 88' lang='lat' dir='ltr'><strong>Sextus</strong></span> <span class='ocrx_word' id='word_1_69' title='bbox 1153 1123 1284 1188; x_wconf 78' lang='lat' dir='ltr'><strong>interfice</strong></span> 
     </span>
     <span class='ocr_line' id='line_1_10' title="bbox 319 1203 1284 1292; baseline 0 -24"><span class='ocrx_word' id='word_1_70' title='bbox 319 1219 488 1278; x_wconf 77' lang='lat' dir='ltr'><strong>retur„et</strong></span> <span class='ocrx_word' id='word_1_71' title='bbox 507 1203 628 1266; x_wconf 77' lang='lat' dir='ltr'><strong>milites</strong></span> <span class='ocrx_word' id='word_1_72' title='bbox 646 1203 686 1265; x_wconf 84' lang='lat' dir='ltr'><strong>ad</strong></span> <span class='ocrx_word' id='word_1_73' title='bbox 700 1206 826 1267; x_wconf 81' lang='lat' dir='ltr'><strong>Bellum</strong></span> <span class='ocrx_word' id='word_1_74' title='bbox 846 1206 1043 1279; x_wconf 78' lang='lat' dir='ltr'><strong>transirent,</strong></span> <span class='ocrx_word' id='word_1_75' title='bbox 1071 1210 1236 1292; x_wconf 85' lang='lat' dir='ltr'><strong>exceptis,</strong></span> <span class='ocrx_word' id='word_1_76' title='bbox 1256 1231 1284 1291; x_wconf 86' lang='lat' dir='ltr'><strong>qu</strong></span> 
     </span>
     <span class='ocr_line' id='line_1_11' title="bbox 319 1285 1284 1374; baseline 0 -24"><span class='ocrx_word' id='word_1_77' title='bbox 319 1290 483 1372; x_wconf 77' lang='lat' dir='ltr'>Apameae</span> <span class='ocrx_word' id='word_1_78' title='bbox 498 1285 730 1350; x_wconf 80' lang='lat' dir='ltr'><strong>hiemaverant.</strong></span> <span class='ocrx_word' id='word_1_79' title='bbox 773 1287 856 1358; x_wconf 86' lang='lat' dir='ltr'><strong>Hos,</strong></span> <span class='ocrx_word' id='word_1_80' title='bbox 879 1287 913 1350; x_wconf 93' lang='lat' dir='ltr'><strong>in</strong></span> <span class='ocrx_word' id='word_1_81' title='bbox 926 1289 1073 1350; x_wconf 82' lang='lat' dir='ltr'><strong>Ciliciam</strong></span> <span class='ocrx_word' id='word_1_82' title='bbox 1089 1291 1284 1374; x_wconf 76' lang='lat' dir='ltr'><strong>transgrellor</strong></span> 
     </span>
     <span class='ocr_line' id='line_1_12' title="bbox 319 1367 1284 1454; baseline 0 -22"><span class='ocrx_word' id='word_1_83' title='bbox 319 1369 436 1432; x_wconf 85' lang='lat' dir='ltr'><strong>frnllra</strong></span> <span class='ocrx_word' id='word_1_84' title='bbox 456 1367 564 1430; x_wconf 82' lang='lat' dir='ltr'><strong>Belius</strong></span> <span class='ocrx_word' id='word_1_85' title='bbox 579 1367 793 1452; x_wconf 70' lang='lat' dir='ltr'><strong>insequutus,</strong></span> <span class='ocrx_word' id='word_1_86' title='bbox 824 1367 989 1454; x_wconf 83' lang='lat' dir='ltr'><strong>postquam</strong></span> <span class='ocrx_word' id='word_1_87' title='bbox 1007 1371 1039 1431; x_wconf 87' lang='lat' dir='ltr'><strong>in</strong></span> <span class='ocrx_word' id='word_1_88' title='bbox 1056 1373 1180 1453; x_wconf 81' lang='lat' dir='ltr'><strong>Syriam</strong></span> <span class='ocrx_word' id='word_1_89' title='bbox 1201 1371 1284 1434; x_wconf 88' lang='lat' dir='ltr'><strong>rediit</strong></span> 
     </span>
     <span class='ocr_line' id='line_1_13' title="bbox 318 1450 1284 1539; baseline 0.002 -27"><span class='ocrx_word' id='word_1_90' title='bbox 318 1452 485 1536; x_wconf 83' lang='lat' dir='ltr'><strong>praetoris</strong></span> <span class='ocrx_word' id='word_1_91' title='bbox 509 1450 681 1533; x_wconf 86' lang='lat' dir='ltr'><strong>adsumpto</strong></span> <span class='ocrx_word' id='word_1_92' title='bbox 702 1450 880 1524; x_wconf 88' lang='lat' dir='ltr'><strong>vocabulo,</strong></span> <span class='ocrx_word' id='word_1_93' title='bbox 914 1453 940 1513; x_wconf 80' lang='lat' dir='ltr'>A</span> <span class='ocrx_word' id='word_1_94' title='bbox 967 1453 1114 1526; x_wconf 78' lang='lat' dir='ltr'><strong>ameum,</strong></span> <span class='ocrx_word' id='word_1_95' title='bbox 1140 1454 1284 1539; x_wconf 79' lang='lat' dir='ltr'><strong>quodem</strong></span> 
     </span>
     <span class='ocr_line' id='line_1_14' title="bbox 319 1475 1284 1620; baseline 0.002 -26"><span class='ocrx_word' id='word_1_96' title='bbox 319 1534 385 1596; x_wconf 90' lang='lat' dir='ltr'><strong>situ</strong></span> <span class='ocrx_word' id='word_1_97' title='bbox 409 1547 505 1616; x_wconf 89' lang='lat' dir='ltr'><strong>atque</strong></span> <span class='ocrx_word' id='word_1_98' title='bbox 525 1553 627 1616; x_wconf 89' lang='lat' dir='ltr'><strong>opere</strong></span> <span class='ocrx_word' id='word_1_99' title='bbox 646 1532 872 1608; x_wconf 84' lang='lat' dir='ltr'><strong>munitillims,</strong></span> <span class='ocrx_word' id='word_1_100' title='bbox 905 1475 1015 1596; x_wconf 66' lang='lat' dir='ltr'><strong>selem</strong></span> <span class='ocrx_word' id='word_1_101' title='bbox 1038 1537 1252 1620; x_wconf 83' lang='lat' dir='ltr'><strong>hello&#39;cepit,</strong></span> <span class='ocrx_word' id='word_1_102' title='bbox 1278 1555 1284 1596; x_wconf 82' lang='lat' dir='ltr'><strong>r</strong></span> 
     </span>
     <span class='ocr_line' id='line_1_15' title="bbox 317 1613 1284 1698; baseline 0.001 -21"><span class='ocrx_word' id='word_1_103' title='bbox 317 1614 486 1696; x_wconf 85' lang='lat' dir='ltr'><strong>juventute</strong></span> <span class='ocrx_word' id='word_1_104' title='bbox 507 1635 574 1678; x_wconf 89' lang='lat' dir='ltr'><strong>non</strong></span> <span class='ocrx_word' id='word_1_105' title='bbox 596 1616 734 1698; x_wconf 73' lang='lat' dir='ltr'><strong>ingenua</strong></span> <span class='ocrx_word' id='word_1_106' title='bbox 755 1613 872 1688; x_wconf 88' lang='lat' dir='ltr'><strong>modo,</strong></span> <span class='ocrx_word' id='word_1_107' title='bbox 897 1615 955 1680; x_wconf 90' lang='lat' dir='ltr'><strong>sed</strong></span> <span class='ocrx_word' id='word_1_108' title='bbox 977 1631 1011 1680; x_wconf 93' lang='lat' dir='ltr'><strong>et</strong></span> <span class='ocrx_word' id='word_1_109' title='bbox 1030 1639 1221 1690; x_wconf 85' lang='lat' dir='ltr'><strong>servorum,</strong></span> <span class='ocrx_word' id='word_1_110' title='bbox 1242 1637 1284 1678; x_wconf 84' lang='lat' dir='ltr'><strong>eeu</strong></span> 
     </span>
     <span class='ocr_line' id='line_1_16' title="bbox 317 1697 1284 1786; baseline 0.002 -26"><span class='ocrx_word' id='word_1_111' title='bbox 317 1699 454 1771; x_wconf 81' lang='lat' dir='ltr'><strong>turiets,</strong></span> <span class='ocrx_word' id='word_1_112' title='bbox 506 1697 637 1760; x_wconf 90' lang='lat' dir='ltr'><strong>ecuuias</strong></span> <span class='ocrx_word' id='word_1_113' title='bbox 657 1716 797 1779; x_wconf 81' lang='lat' dir='ltr'><strong>cogere,</strong></span> <span class='ocrx_word' id='word_1_114' title='bbox 851 1720 942 1762; x_wconf 85' lang='lat' dir='ltr'><strong>arare</strong></span> <span class='ocrx_word' id='word_1_115' title='bbox 963 1721 1069 1776; x_wconf 80' lang='lat' dir='ltr'><strong>erma,</strong></span> <span class='ocrx_word' id='word_1_116' title='bbox 1099 1699 1242 1786; x_wconf 84' lang='lat' dir='ltr'><strong>denique</strong></span> <span class='ocrx_word' id='word_1_117' title='bbox 1260 1719 1284 1762; x_wconf 83' lang='lat' dir='ltr'><strong>rt</strong></span> 
     </span>
    </p>

    <p class='ocr_par' dir='ltr' id='par_1_3' title="bbox 317 1719 923 1873">
     <span class='ocr_line' id='line_1_17' title="bbox 317 1719 923 1873; baseline 0.002 -31"><span class='ocrx_word' id='word_1_118' title='bbox 317 1777 379 1842; x_wconf 84' lang='lat' dir='ltr'><strong>buo</strong></span> <span class='ocrx_word' id='word_1_119' title='bbox 400 1720 551 1873; x_wconf 68' lang='lat' dir='ltr'><strong>pmuilsus</strong></span> <span class='ocrx_word' id='word_1_120' title='bbox 570 1779 697 1842; x_wconf 87' lang='lat' dir='ltr'><strong>munire</strong></span> <span class='ocrx_word' id='word_1_121' title='bbox 719 1799 755 1840; x_wconf 86' lang='lat' dir='ltr'><strong>se</strong></span> <span class='ocrx_word' id='word_1_122' title='bbox 777 1719 923 1844; x_wconf 58' lang='lat' dir='ltr'><strong>instituit.</strong></span> 
     </span>
    </p>
   </div>
   <div class='ocr_carea' id='block_1_3' title="bbox 82 1897 1284 2909">
    <p class='ocr_par' dir='ltr' id='par_1_4' title="bbox 82 1897 1284 1997">
     <span class='ocr_line' id='line_1_18' title="bbox 82 1897 1284 1997; baseline 0.006 -26"><span class='ocrx_word' id='word_1_123' title='bbox 82 1937 87 1948; x_wconf 94' lang='lat'><em>·</em></span> <span class='ocrx_word' id='word_1_124' title='bbox 155 1897 287 1976; x_wconf 73' lang='lat' dir='ltr'><strong>Caesaris</strong></span> <span class='ocrx_word' id='word_1_125' title='bbox 379 1913 436 1978; x_wconf 85' lang='lat' dir='ltr'><strong>tv.</strong></span> <span class='ocrx_word' id='word_1_126' title='bbox 455 1908 588 1974; x_wconf 81' lang='lat' dir='ltr'><strong>&#39;Interea</strong></span> <span class='ocrx_word' id='word_1_127' title='bbox 602 1914 721 1976; x_wconf 83' lang='lat' dir='ltr'><strong>Caesar</strong></span> <span class='ocrx_word' id='word_1_128' title='bbox 734 1912 767 1974; x_wconf 92' lang='lat' dir='ltr'><strong>in</strong></span> <span class='ocrx_word' id='word_1_129' title='bbox 778 1911 892 1976; x_wconf 77' lang='lat' dir='ltr'><strong>Africa</strong></span> <span class='ocrx_word' id='word_1_130' title='bbox 907 1909 1108 1997; x_wconf 82' lang='lat' dir='ltr'><strong>perdifficile</strong></span> <span class='ocrx_word' id='word_1_131' title='bbox 1122 1913 1244 1975; x_wconf 87' lang='lat' dir='ltr'><strong>bellum</strong></span> <span class='ocrx_word' id='word_1_132' title='bbox 1258 1931 1284 1996; x_wconf 77' lang='lat' dir='ltr'><strong>gt</strong></span> 
     </span>
    </p>

    <p class='ocr_par' dir='ltr' id='par_1_5' title="bbox 124 1985 1284 2079">
     <span class='ocr_line' id='line_1_19' title="bbox 124 1985 1284 2079; baseline 0.003 -24"><span class='ocrx_word' id='word_1_133' title='bbox 124 1985 303 2076; x_wconf 62' lang='lat' dir='ltr'><strong>llffl&#39;flkbtf·</strong></span> <span class='ocrx_word' id='word_1_134' title='bbox 316 1994 428 2066; x_wconf 85' lang='lat' dir='ltr'><strong>rebat,</strong></span> <span class='ocrx_word' id='word_1_135' title='bbox 458 2007 570 2057; x_wconf 90' lang='lat' dir='ltr'><strong>contra</strong></span> <span class='ocrx_word' id='word_1_136' title='bbox 589 1996 743 2057; x_wconf 86' lang='lat' dir='ltr'><strong>maximas</strong></span> <span class='ocrx_word' id='word_1_137' title='bbox 760 1993 896 2057; x_wconf 83' lang='lat' dir='ltr'><strong>hostium</strong></span> <span class='ocrx_word' id='word_1_138' title='bbox 916 1997 1028 2079; x_wconf 85' lang='lat' dir='ltr'><strong>copies</strong></span> <span class='ocrx_word' id='word_1_139' title='bbox 1049 1995 1148 2058; x_wconf 87' lang='lat' dir='ltr'><strong>rebus</strong></span> <span class='ocrx_word' id='word_1_140' title='bbox 1171 1997 1284 2058; x_wconf 79' lang='lat' dir='ltr'><strong>omnibu</strong></span> 
     </span>
    </p>

    <p class='ocr_par' dir='ltr' id='par_1_6' title="bbox 124 2055 1284 2162">
     <span class='ocr_line' id='line_1_20' title="bbox 124 2055 1284 2162; baseline -0.001 -24"><span class='ocrx_word' id='word_1_141' title='bbox 124 2055 301 2130; x_wconf 52' lang='lat' dir='ltr'><strong>&#39;&#39;mmm&#39;&#39;</strong></span> <span class='ocrx_word' id='word_1_142' title='bbox 315 2076 437 2162; x_wconf 80' lang='lat' dir='ltr'><strong>impar,</strong></span> <span class='ocrx_word' id='word_1_143' title='bbox 468 2091 501 2142; x_wconf 87' lang='lat' dir='ltr'><strong>et</strong></span> <span class='ocrx_word' id='word_1_144' title='bbox 520 2089 641 2138; x_wconf 81' lang='lat' dir='ltr'><strong>tentum</strong></span> <span class='ocrx_word' id='word_1_145' title='bbox 663 2077 814 2140; x_wconf 78' lang='lat' dir='ltr'><strong>fortunae</strong></span> <span class='ocrx_word' id='word_1_146' title='bbox 836 2098 913 2140; x_wconf 87' lang='lat' dir='ltr'><strong>suae</strong></span> <span class='ocrx_word' id='word_1_147' title='bbox 933 2076 1106 2162; x_wconf 79' lang='lat' dir='ltr'><strong>animoque</strong></span> <span class='ocrx_word' id='word_1_148' title='bbox 1127 2091 1161 2140; x_wconf 91' lang='lat' dir='ltr'><strong>et</strong></span> <span class='ocrx_word' id='word_1_149' title='bbox 1179 2075 1284 2160; x_wconf 70' lang='lat' dir='ltr'><strong>consili</strong></span> 
     </span>
    </p>

    <p class='ocr_par' dir='ltr' id='par_1_7' title="bbox 122 2141 1284 2242">
     <span class='ocr_line' id='line_1_21' title="bbox 122 2141 1284 2242; baseline -0.002 -20"><span class='ocrx_word' id='word_1_150' title='bbox 122 2141 165 2182; x_wconf 74' lang='lat'><strong>⁶⁶⁰</strong></span> <span class='ocrx_word' id='word_1_151' title='bbox 208 2169 211 2176; x_wconf 85' lang='lat'>&#39;</span> <span class='ocrx_word' id='word_1_152' title='bbox 313 2159 456 2222; x_wconf 83' lang='lat' dir='ltr'><strong>innixus.</strong></span> <span class='ocrx_word' id='word_1_153' title='bbox 500 2157 566 2221; x_wconf 85' lang='lat' dir='ltr'><strong>Sed</strong></span> <span class='ocrx_word' id='word_1_154' title='bbox 584 2173 617 2219; x_wconf 90' lang='lat' dir='ltr'><strong>et</strong></span> <span class='ocrx_word' id='word_1_155' title='bbox 634 2159 790 2222; x_wconf 85' lang='lat' dir='ltr'><strong>frumenti</strong></span> <span class='ocrx_word' id='word_1_156' title='bbox 806 2161 917 2242; x_wconf 88' lang='lat' dir='ltr'><strong>inopia</strong></span> <span class='ocrx_word' id='word_1_157' title='bbox 935 2160 1132 2242; x_wconf 78' lang='lat' dir='ltr'><strong>urgebatur,</strong></span> <span class='ocrx_word' id='word_1_158' title='bbox 1155 2160 1249 2238; x_wconf 84' lang='lat' dir='ltr'><strong>cujus</strong></span> <span class='ocrx_word' id='word_1_159' title='bbox 1265 2161 1284 2228; x_wconf 81' lang='lat' dir='ltr'><strong>tl</strong></span> 
     </span>
    </p>

    <p class='ocr_par' dir='ltr' id='par_1_8' title="bbox 314 2237 1284 2326">
     <span class='ocr_line' id='line_1_22' title="bbox 314 2237 1284 2326; baseline -0.001 -23"><span class='ocrx_word' id='word_1_160' title='bbox 314 2243 390 2304; x_wconf 84' lang='lat' dir='ltr'><strong>nuis</strong></span> <span class='ocrx_word' id='word_1_161' title='bbox 407 2253 476 2303; x_wconf 86' lang='lat' dir='ltr'><strong>erat</strong></span> <span class='ocrx_word' id='word_1_162' title='bbox 487 2239 653 2326; x_wconf 74' lang='lat' dir='ltr'><strong>Ruspinae</strong></span> <span class='ocrx_word' id='word_1_163' title='bbox 669 2262 805 2315; x_wconf 86' lang='lat' dir='ltr'><strong>annone,</strong></span> <span class='ocrx_word' id='word_1_164' title='bbox 832 2241 924 2326; x_wconf 87' lang='lat' dir='ltr'><strong>punis</strong></span> <span class='ocrx_word' id='word_1_165' title='bbox 942 2241 1037 2302; x_wconf 88' lang='lat' dir='ltr'><strong>simul</strong></span> <span class='ocrx_word' id='word_1_166' title='bbox 1054 2237 1284 2326; x_wconf 81' lang='lat' dir='ltr'><strong>obsoniiquetl</strong></span> 
     </span>
    </p>

    <p class='ocr_par' dir='ltr' id='par_1_9' title="bbox 316 2321 1283 2408">
     <span class='ocr_line' id='line_1_23' title="bbox 316 2321 1283 2408; baseline 0 -24"><span class='ocrx_word' id='word_1_167' title='bbox 316 2341 387 2385; x_wconf 87' lang='lat' dir='ltr'><strong>cem</strong></span> <span class='ocrx_word' id='word_1_168' title='bbox 404 2324 523 2386; x_wconf 85' lang='lat' dir='ltr'><strong>siccata</strong></span> <span class='ocrx_word' id='word_1_169' title='bbox 542 2321 696 2406; x_wconf 78' lang='lat' dir='ltr'><strong>implente</strong></span> <span class='ocrx_word' id='word_1_170' title='bbox 711 2322 792 2386; x_wconf 83' lang='lat' dir='ltr'><strong>lieu:</strong></span> <span class='ocrx_word' id='word_1_171' title='bbox 816 2337 848 2385; x_wconf 88' lang='lat' dir='ltr'><strong>et</strong></span> <span class='ocrx_word' id='word_1_172' title='bbox 865 2323 1064 2408; x_wconf 82' lang='lat' dir='ltr'><strong>expediendi</strong></span> <span class='ocrx_word' id='word_1_173' title='bbox 1079 2323 1232 2386; x_wconf 82' lang='lat' dir='ltr'><strong>difficilis</strong></span> <span class='ocrx_word' id='word_1_174' title='bbox 1247 2345 1283 2386; x_wconf 77' lang='lat' dir='ltr'><strong>eu</strong></span> 
     </span>
    </p>

    <p class='ocr_par' dir='ltr' id='par_1_10' title="bbox 313 2405 1283 2490">
     <span class='ocr_line' id='line_1_24' title="bbox 313 2405 1283 2490; baseline -0.002 -24"><span class='ocrx_word' id='word_1_175' title='bbox 313 2406 418 2476; x_wconf 84' lang='lat' dir='ltr'><strong>ratio,</strong></span> <span class='ocrx_word' id='word_1_176' title='bbox 441 2406 516 2490; x_wconf 90' lang='lat' dir='ltr'><strong>quia</strong></span> <span class='ocrx_word' id='word_1_177' title='bbox 532 2405 682 2466; x_wconf 73' lang='lat' dir='ltr'><strong>caesaris</strong></span> <span class='ocrx_word' id='word_1_178' title='bbox 704 2405 884 2488; x_wconf 81' lang='lat' dir='ltr'><strong>equitatus,</strong></span> <span class='ocrx_word' id='word_1_179' title='bbox 917 2405 1059 2467; x_wconf 88' lang='lat' dir='ltr'><strong>nondum</strong></span> <span class='ocrx_word' id='word_1_180' title='bbox 1081 2407 1161 2469; x_wconf 85' lang='lat' dir='ltr'><strong>satis</strong></span> <span class='ocrx_word' id='word_1_181' title='bbox 1185 2427 1283 2468; x_wconf 84' lang='lat' dir='ltr'><strong>emar</strong></span> 
     </span>
    </p>

    <p class='ocr_par' dir='ltr' id='par_1_11' title="bbox 314 2485 1283 2574">
     <span class='ocr_line' id='line_1_25' title="bbox 314 2485 1283 2574; baseline 0 -26"><span class='ocrx_word' id='word_1_182' title='bbox 314 2486 394 2548; x_wconf 86' lang='lat' dir='ltr'><strong>tima</strong></span> <span class='ocrx_word' id='word_1_183' title='bbox 413 2485 588 2566; x_wconf 80' lang='lat' dir='ltr'><strong>jactatione</strong></span> <span class='ocrx_word' id='word_1_184' title='bbox 610 2501 643 2549; x_wconf 88' lang='lat' dir='ltr'><strong>et</strong></span> <span class='ocrx_word' id='word_1_185' title='bbox 664 2507 783 2548; x_wconf 86' lang='lat' dir='ltr'><strong>nausea</strong></span> <span class='ocrx_word' id='word_1_186' title='bbox 807 2485 1010 2550; x_wconf 78' lang='lat' dir='ltr'><strong>confirmatis</strong></span> <span class='ocrx_word' id='word_1_187' title='bbox 1034 2488 1150 2572; x_wconf 87' lang='lat' dir='ltr'><strong>equis,</strong></span> <span class='ocrx_word' id='word_1_188' title='bbox 1187 2489 1283 2574; x_wconf 85' lang='lat' dir='ltr'><strong>proeli</strong></span> 
     </span>
    </p>

    <p class='ocr_par' dir='ltr' id='par_1_12' title="bbox 277 2567 1283 2666">
     <span class='ocr_line' id='line_1_26' title="bbox 277 2567 1283 2666; baseline 0.002 -36"><span class='ocrx_word' id='word_1_189' title='bbox 277 2601 284 2616; x_wconf 56' lang='lat' dir='ltr'><strong>r</strong></span> <span class='ocrx_word' id='word_1_190' title='bbox 313 2587 379 2632; x_wconf 84' lang='lat' dir='ltr'><strong>nou</strong></span> <span class='ocrx_word' id='word_1_191' title='bbox 403 2568 541 2630; x_wconf 78' lang='lat' dir='ltr'><strong>audebat</strong></span> <span class='ocrx_word' id='word_1_192' title='bbox 563 2567 784 2632; x_wconf 81' lang='lat' dir='ltr'><strong>contenderet</strong></span> <span class='ocrx_word' id='word_1_193' title='bbox 815 2581 929 2632; x_wconf 88' lang='lat' dir='ltr'><strong>contra</strong></span> <span class='ocrx_word' id='word_1_194' title='bbox 947 2569 1107 2632; x_wconf 89' lang='lat' dir='ltr'><strong>Numidae</strong></span> <span class='ocrx_word' id='word_1_195' title='bbox 1125 2571 1283 2666; x_wconf 71' lang='lat' dir='ltr'><strong>Maurique</strong></span> 
     </span>
    </p>

    <p class='ocr_par' dir='ltr' id='par_1_13' title="bbox 312 2650 1283 2737">
     <span class='ocr_line' id='line_1_27' title="bbox 312 2650 1283 2737; baseline 0 -25"><span class='ocrx_word' id='word_1_196' title='bbox 312 2651 411 2728; x_wconf 79' lang='lat' dir='ltr'><strong>velox</strong></span> <span class='ocrx_word' id='word_1_197' title='bbox 429 2663 463 2714; x_wconf 87' lang='lat' dir='ltr'><strong>et</strong></span> <span class='ocrx_word' id='word_1_198' title='bbox 482 2650 654 2735; x_wconf 85' lang='lat' dir='ltr'><strong>expeditus</strong></span> <span class='ocrx_word' id='word_1_199' title='bbox 673 2673 795 2737; x_wconf 82' lang='lat' dir='ltr'><strong>eques,</strong></span> <span class='ocrx_word' id='word_1_200' title='bbox 817 2650 1047 2714; x_wconf 83' lang='lat' dir='ltr'><strong>indesinenter</strong></span> <span class='ocrx_word' id='word_1_201' title='bbox 1062 2653 1146 2716; x_wconf 88' lang='lat' dir='ltr'><strong>loeis</strong></span> <span class='ocrx_word' id='word_1_202' title='bbox 1166 2653 1283 2716; x_wconf 80' lang='lat' dir='ltr'><strong>ommbr</strong></span> 
     </span>
    </p>

    <p class='ocr_par' dir='ltr' id='par_1_14' title="bbox 242 2731 1283 2909">
     <span class='ocr_line' id='line_1_28' title="bbox 242 2731 1283 2820; baseline 0.001 -23"><span class='ocrx_word' id='word_1_203' title='bbox 242 2737 245 2746; x_wconf 88' lang='lat'>&#39;</span> <span class='ocrx_word' id='word_1_204' title='bbox 311 2733 528 2817; x_wconf 81' lang='lat' dir='ltr'><strong>vagabantur,</strong></span> <span class='ocrx_word' id='word_1_205' title='bbox 552 2746 602 2808; x_wconf 90' lang='lat' dir='ltr'><strong>et,</strong></span> <span class='ocrx_word' id='word_1_206' title='bbox 631 2735 703 2797; x_wconf 84' lang='lat' dir='ltr'><strong>uia</strong></span> <span class='ocrx_word' id='word_1_207' title='bbox 717 2753 854 2796; x_wconf 86' lang='lat' dir='ltr'><strong>numero</strong></span> <span class='ocrx_word' id='word_1_208' title='bbox 872 2731 969 2795; x_wconf 88' lang='lat' dir='ltr'><strong>etiam</strong></span> <span class='ocrx_word' id='word_1_209' title='bbox 986 2735 1088 2796; x_wconf 89' lang='lat' dir='ltr'><strong>multo</strong></span> <span class='ocrx_word' id='word_1_210' title='bbox 1107 2749 1204 2798; x_wconf 90' lang='lat' dir='ltr'><strong>erant</strong></span> <span class='ocrx_word' id='word_1_211' title='bbox 1221 2753 1283 2820; x_wconf 74' lang='lat' dir='ltr'><strong>supr</strong></span> 
     </span>
     <span class='ocr_line' id='line_1_29' title="bbox 311 2755 1165 2909; baseline -0.002 -27"><span class='ocrx_word' id='word_1_212' title='bbox 311 2817 441 2890; x_wconf 81' lang='lat' dir='ltr'><strong>riores,</strong></span> <span class='ocrx_word' id='word_1_213' title='bbox 463 2813 549 2890; x_wconf 77' lang='lat' dir='ltr'><strong>haud</strong></span> <span class='ocrx_word' id='word_1_214' title='bbox 568 2755 783 2880; x_wconf 60' lang='lat' dir='ltr'><strong>meliceriter</strong></span> <span class='ocrx_word' id='word_1_215' title='bbox 802 2815 974 2909; x_wconf 74' lang='lat' dir='ltr'><strong>Caesarem</strong></span> <span class='ocrx_word' id='word_1_216' title='bbox 992 2817 1165 2900; x_wconf 57' lang='lat' dir='ltr'><strong>angebat.</strong></span> 
     </span>
    </p>
   </div>
   <div class='ocr_carea' id='block_1_4' title="bbox 117 2937 1283 4012">
    <p class='ocr_par' dir='ltr' id='par_1_15' title="bbox 278 2937 1283 3355">
     <span class='ocr_line' id='line_1_30' title="bbox 278 2937 1283 3025; baseline -0.002 -19"><span class='ocrx_word' id='word_1_217' title='bbox 278 2977 284 2990; x_wconf 57' lang='grc' dir='ltr'><em>ι</em></span> <span class='ocrx_word' id='word_1_218' title='bbox 372 2940 413 3006; x_wconf 82' lang='lat' dir='ltr'><strong>V·</strong></span> <span class='ocrx_word' id='word_1_219' title='bbox 436 2941 539 3001; x_wconf 85' lang='lat' dir='ltr'><strong>Forte</strong></span> <span class='ocrx_word' id='word_1_220' title='bbox 557 2937 694 3012; x_wconf 71' lang='lat' dir='ltr'><strong>eccidit,</strong></span> <span class='ocrx_word' id='word_1_221' title='bbox 717 2952 754 3000; x_wconf 88' lang='lat' dir='ltr'><strong>ut</strong></span> <span class='ocrx_word' id='word_1_222' title='bbox 772 2939 959 3003; x_wconf 83' lang='lat' dir='ltr'><strong>Caesarise</strong></span> <span class='ocrx_word' id='word_1_223' title='bbox 984 2941 1088 3017; x_wconf 85' lang='lat' dir='ltr'><strong>uites,</strong></span> <span class='ocrx_word' id='word_1_224' title='bbox 1112 2961 1224 3025; x_wconf 65' lang='lat' dir='ltr'><strong>qnunq</strong></span> <span class='ocrx_word' id='word_1_225' title='bbox 1243 2941 1283 3004; x_wconf 82' lang='lat' dir='ltr'><strong>tr</strong></span> 
     </span>
     <span class='ocr_line' id='line_1_31' title="bbox 311 2961 1283 3104; baseline 0.003 -19"><span class='ocrx_word' id='word_1_226' title='bbox 311 3022 477 3104; x_wconf 85' lang='lat' dir='ltr'><strong>cujusdam</strong></span> <span class='ocrx_word' id='word_1_227' title='bbox 502 3036 597 3084; x_wconf 88' lang='lat' dir='ltr'><strong>cantu</strong></span> <span class='ocrx_word' id='word_1_228' title='bbox 621 3035 717 3103; x_wconf 86' lang='lat' dir='ltr'><strong>atque</strong></span> <span class='ocrx_word' id='word_1_229' title='bbox 744 3022 915 3085; x_wconf 83' lang='lat' dir='ltr'><strong>saltatione</strong></span> <span class='ocrx_word' id='word_1_230' title='bbox 936 2961 1086 3098; x_wconf 65' lang='lat' dir='ltr'><strong>deliniti,</strong></span> <span class='ocrx_word' id='word_1_231' title='bbox 1116 3025 1195 3086; x_wconf 81' lang='lat' dir='ltr'><strong>lixis</strong></span> <span class='ocrx_word' id='word_1_232' title='bbox 1217 3017 1283 3088; x_wconf 89' lang='lat' dir='ltr'><strong>cnlll</strong></span> 
     </span>
     <span class='ocr_line' id='line_1_32' title="bbox 312 3097 1283 3190; baseline -0.005 -21"><span class='ocrx_word' id='word_1_233' title='bbox 312 3105 451 3170; x_wconf 76' lang='lat' dir='ltr'><strong>diendos</strong></span> <span class='ocrx_word' id='word_1_234' title='bbox 468 3123 572 3188; x_wconf 88' lang='lat' dir='ltr'><strong>equos</strong></span> <span class='ocrx_word' id='word_1_235' title='bbox 590 3103 769 3176; x_wconf 73' lang='lat' dir='ltr'><strong>dedinent,</strong></span> <span class='ocrx_word' id='word_1_236' title='bbox 800 3105 905 3166; x_wconf 81' lang='lat' dir='ltr'><strong>subite</strong></span> <span class='ocrx_word' id='word_1_237' title='bbox 926 3103 1137 3169; x_wconf 78' lang='lat' dir='ltr'><strong>Numidarum</strong></span> <span class='ocrx_word' id='word_1_238' title='bbox 1157 3097 1283 3190; x_wconf 83' lang='lat' dir='ltr'><strong>irruptil</strong></span> 
     </span>
     <span class='ocr_line' id='line_1_33' title="bbox 308 3185 1282 3272; baseline -0.005 -21"><span class='ocrx_word' id='word_1_239' title='bbox 308 3209 352 3251; x_wconf 89' lang='lat' dir='ltr'><strong>ne</strong></span> <span class='ocrx_word' id='word_1_240' title='bbox 371 3185 591 3260; x_wconf 87' lang='lat' dir='ltr'><strong>turbarentur,</strong></span> <span class='ocrx_word' id='word_1_241' title='bbox 616 3199 649 3250; x_wconf 91' lang='lat' dir='ltr'><strong>et</strong></span> <span class='ocrx_word' id='word_1_242' title='bbox 666 3186 720 3248; x_wconf 86' lang='lat' dir='ltr'><strong>vix</strong></span> <span class='ocrx_word' id='word_1_243' title='bbox 737 3186 864 3249; x_wconf 86' lang='lat' dir='ltr'><strong>insilire</strong></span> <span class='ocrx_word' id='word_1_244' title='bbox 883 3188 916 3248; x_wconf 94' lang='lat' dir='ltr'><strong>in</strong></span> <span class='ocrx_word' id='word_1_245' title='bbox 934 3207 1038 3271; x_wconf 89' lang='lat' dir='ltr'><strong>equos</strong></span> <span class='ocrx_word' id='word_1_246' title='bbox 1056 3203 1153 3272; x_wconf 86' lang='lat' dir='ltr'><strong>atque</strong></span> <span class='ocrx_word' id='word_1_247' title='bbox 1171 3190 1205 3249; x_wconf 88' lang='lat' dir='ltr'><strong>in</strong></span> <span class='ocrx_word' id='word_1_248' title='bbox 1221 3187 1282 3249; x_wconf 68' lang='lat' dir='ltr'><strong>eassi</strong></span> 
     </span>
     <span class='ocr_line' id='line_1_34' title="bbox 308 3267 1282 3355; baseline -0.004 -21"><span class='ocrx_word' id='word_1_249' title='bbox 308 3269 468 3352; x_wconf 78' lang='lat' dir='ltr'><strong>refugere</strong></span> <span class='ocrx_word' id='word_1_250' title='bbox 484 3269 622 3353; x_wconf 80' lang='lat' dir='ltr'><strong>pollent.</strong></span> <span class='ocrx_word' id='word_1_251' title='bbox 666 3267 765 3348; x_wconf 85' lang='lat' dir='ltr'><strong>Quod</strong></span> <span class='ocrx_word' id='word_1_252' title='bbox 782 3269 846 3330; x_wconf 89' lang='lat' dir='ltr'><strong>nisi</strong></span> <span class='ocrx_word' id='word_1_253' title='bbox 865 3271 1002 3340; x_wconf 85' lang='lat' dir='ltr'><strong>Caesar,</strong></span> <span class='ocrx_word' id='word_1_254' title='bbox 1026 3270 1099 3355; x_wconf 89' lang='lat' dir='ltr'><strong>ipse</strong></span> <span class='ocrx_word' id='word_1_255' title='bbox 1114 3289 1188 3332; x_wconf 89' lang='lat' dir='ltr'><strong>com</strong></span> <span class='ocrx_word' id='word_1_256' title='bbox 1200 3271 1282 3332; x_wconf 66' lang='lat' dir='ltr'><strong>Asin}</strong></span> 
     </span>
    </p>

    <p class='ocr_par' dir='ltr' id='par_1_16' title="bbox 252 3348 1282 3435">
     <span class='ocr_line' id='line_1_35' title="bbox 252 3348 1282 3435; baseline -0.002 -21"><span class='ocrx_word' id='word_1_257' title='bbox 252 3348 258 3356; x_wconf 83' lang='lat'><em>&#39;</em></span> <span class='ocrx_word' id='word_1_258' title='bbox 309 3352 464 3416; x_wconf 85' lang='lat' dir='ltr'><strong>Pollione</strong></span> <span class='ocrx_word' id='word_1_259' title='bbox 487 3363 520 3412; x_wconf 88' lang='lat' dir='ltr'><strong>et</strong></span> <span class='ocrx_word' id='word_1_260' title='bbox 545 3348 707 3412; x_wconf 81' lang='lat' dir='ltr'><strong>instructis</strong></span> <span class='ocrx_word' id='word_1_261' title='bbox 733 3350 925 3413; x_wconf 86' lang='lat' dir='ltr'><strong>cohortibus</strong></span> <span class='ocrx_word' id='word_1_262' title='bbox 950 3352 1112 3435; x_wconf 81' lang='lat' dir='ltr'><strong>progressi</strong></span> <span class='ocrx_word' id='word_1_263' title='bbox 1135 3367 1282 3414; x_wconf 79' lang='lat' dir='ltr'><strong>extrave</strong></span> 
     </span>
    </p>

    <p class='ocr_par' dir='ltr' id='par_1_17' title="bbox 175 3419 1282 3600">
     <span class='ocr_line' id='line_1_36' title="bbox 175 3419 1282 3516; baseline 0 -20"><span class='ocrx_word' id='word_1_264' title='bbox 175 3419 190 3445; x_wconf 66' lang='lat'>⁸</span> <span class='ocrx_word' id='word_1_265' title='bbox 309 3429 396 3506; x_wconf 87' lang='lat' dir='ltr'><strong>lum,</strong></span> <span class='ocrx_word' id='word_1_266' title='bbox 424 3453 482 3496; x_wconf 89' lang='lat' dir='ltr'><strong>eos</strong></span> <span class='ocrx_word' id='word_1_267' title='bbox 501 3431 717 3516; x_wconf 81' lang='lat' dir='ltr'><strong>recepiffent,</strong></span> <span class='ocrx_word' id='word_1_268' title='bbox 745 3453 859 3516; x_wconf 79' lang='lat' dir='ltr'><strong>magna</strong></span> <span class='ocrx_word' id='word_1_269' title='bbox 878 3433 1007 3507; x_wconf 78' lang='lat' dir='ltr'><strong>clades,</strong></span> <span class='ocrx_word' id='word_1_270' title='bbox 1031 3449 1085 3508; x_wconf 90' lang='lat' dir='ltr'><strong>et,</strong></span> <span class='ocrx_word' id='word_1_271' title='bbox 1109 3448 1144 3496; x_wconf 90' lang='lat' dir='ltr'><strong>ut</strong></span> <span class='ocrx_word' id='word_1_272' title='bbox 1165 3433 1282 3496; x_wconf 88' lang='lat' dir='ltr'><strong>nonnul</strong></span> 
     </span>
     <span class='ocr_line' id='line_1_37' title="bbox 335 3513 1282 3600; baseline 0.003 -25"><span class='ocrx_word' id='word_1_273' title='bbox 335 3527 442 3588; x_wconf 86' lang='lat' dir='ltr'><strong>utant,</strong></span> <span class='ocrx_word' id='word_1_274' title='bbox 472 3513 512 3579; x_wconf 83' lang='lat' dir='ltr'><strong>ed</strong></span> <span class='ocrx_word' id='word_1_275' title='bbox 532 3535 686 3577; x_wconf 88' lang='lat' dir='ltr'><strong>summam</strong></span> <span class='ocrx_word' id='word_1_276' title='bbox 704 3514 875 3576; x_wconf 86' lang='lat' dir='ltr'><strong>victoriam</strong></span> <span class='ocrx_word' id='word_1_277' title='bbox 897 3514 1035 3589; x_wconf 80' lang='lat' dir='ltr'><strong>efficax,</strong></span> <span class='ocrx_word' id='word_1_278' title='bbox 1059 3530 1192 3600; x_wconf 85' lang='lat' dir='ltr'><strong>accepta</strong></span> <span class='ocrx_word' id='word_1_279' title='bbox 1215 3517 1282 3578; x_wconf 85' lang='lat' dir='ltr'><strong>sore</strong></span> 
     </span>
    </p>

    <p class='ocr_par' dir='ltr' id='par_1_18' title="bbox 117 3537 1282 4012">
     <span class='ocr_line' id='line_1_38' title="bbox 137 3537 1282 3680; baseline -0.002 -20"><span class='ocrx_word' id='word_1_280' title='bbox 137 3607 296 3660; x_wconf 73' lang='lat' dir='ltr'><strong>Caesareu-</strong></span> <span class='ocrx_word' id='word_1_281' title='bbox 309 3537 421 3680; x_wconf 78' lang='lat' dir='ltr'><strong>llaque</strong></span> <span class='ocrx_word' id='word_1_282' title='bbox 439 3599 558 3668; x_wconf 78' lang='lat' dir='ltr'><strong>Caesar</strong></span> <span class='ocrx_word' id='word_1_283' title='bbox 573 3597 608 3658; x_wconf 91' lang='lat' dir='ltr'><strong>in</strong></span> <span class='ocrx_word' id='word_1_284' title='bbox 624 3594 806 3658; x_wconf 82' lang='lat' dir='ltr'><strong>Sardiniam</strong></span> <span class='ocrx_word' id='word_1_285' title='bbox 825 3599 975 3672; x_wconf 84' lang='lat' dir='ltr'><strong>nuncios,</strong></span> <span class='ocrx_word' id='word_1_286' title='bbox 999 3598 1033 3659; x_wconf 91' lang='lat' dir='ltr'><strong>in</strong></span> <span class='ocrx_word' id='word_1_287' title='bbox 1050 3600 1199 3661; x_wconf 86' lang='lat' dir='ltr'><strong>Siciliam</strong></span> <span class='ocrx_word' id='word_1_288' title='bbox 1217 3599 1282 3678; x_wconf 80' lang='lat' dir='ltr'><strong>Ralt</strong></span> 
     </span>
     <span class='ocr_line' id='line_1_39' title="bbox 119 3675 1282 3744; baseline -0.002 -2"><span class='ocrx_word' id='word_1_289' title='bbox 119 3675 199 3742; x_wconf 61' lang='lat' dir='ltr'><strong>llum</strong></span> <span class='ocrx_word' id='word_1_290' title='bbox 215 3689 283 3726; x_wconf 68' lang='grc' dir='ltr'><strong>Μ·</strong></span> <span class='ocrx_word' id='word_1_291' title='bbox 310 3681 396 3740; x_wconf 92' lang='lat' dir='ltr'><strong>rium</strong></span> <span class='ocrx_word' id='word_1_292' title='bbox 406 3675 591 3740; x_wconf 81' lang='lat' dir='ltr'><strong>Postumum</strong></span> <span class='ocrx_word' id='word_1_293' title='bbox 608 3677 709 3742; x_wconf 91' lang='lat' dir='ltr'><strong>mittit</strong></span> <span class='ocrx_word' id='word_1_294' title='bbox 723 3678 763 3741; x_wconf 85' lang='lat' dir='ltr'><strong>ed</strong></span> <span class='ocrx_word' id='word_1_295' title='bbox 774 3679 981 3742; x_wconf 80' lang='lat' dir='ltr'><strong>arceffendos</strong></span> <span class='ocrx_word' id='word_1_296' title='bbox 993 3696 1204 3744; x_wconf 87' lang='lat' dir='ltr'><strong>commeatus.</strong></span> <span class='ocrx_word' id='word_1_297' title='bbox 1230 3681 1282 3740; x_wconf 69' lang='lat' dir='ltr'><strong>Hui</strong></span> 
     </span>
     <span class='ocr_line' id='line_1_40' title="bbox 117 3755 1282 3847; baseline -0.003 -21"><span class='ocrx_word' id='word_1_298' title='bbox 117 3755 222 3826; x_wconf 57' lang='grc' dir='ltr'><strong>’ΜΨ</strong></span> <span class='ocrx_word' id='word_1_299' title='bbox 239 3757 288 3796; x_wconf 76' lang='lat'><strong>⁸&#39;&#39;</strong></span> <span class='ocrx_word' id='word_1_300' title='bbox 310 3760 424 3824; x_wconf 85' lang='lat' dir='ltr'><strong>decem</strong></span> <span class='ocrx_word' id='word_1_301' title='bbox 438 3759 556 3844; x_wconf 81' lang='lat' dir='ltr'><strong>longae</strong></span> <span class='ocrx_word' id='word_1_302' title='bbox 570 3781 670 3822; x_wconf 84' lang='lat' dir='ltr'><strong>naves</strong></span> <span class='ocrx_word' id='word_1_303' title='bbox 685 3761 870 3831; x_wconf 87' lang='lat' dir='ltr'><strong>attributae,</strong></span> <span class='ocrx_word' id='word_1_304' title='bbox 895 3761 1154 3847; x_wconf 79' lang='lat' dir='ltr'><strong>mandatumque,</strong></span> <span class='ocrx_word' id='word_1_305' title='bbox 1178 3777 1224 3835; x_wconf 91' lang='lat' dir='ltr'><strong>ut,</strong></span> <span class='ocrx_word' id='word_1_306' title='bbox 1248 3759 1282 3845; x_wconf 79' lang='lat' dir='ltr'><strong>pr</strong></span> 
     </span>
     <span class='ocr_line' id='line_1_41' title="bbox 119 3823 1282 3929; baseline 0.004 -24"><span class='ocrx_word' id='word_1_307' title='bbox 119 3823 212 3868; x_wconf 69' lang='lat'>“⁸⁸⁸“</span> <span class='ocrx_word' id='word_1_308' title='bbox 309 3863 446 3926; x_wconf 87' lang='lat' dir='ltr'><strong>usquam</strong></span> <span class='ocrx_word' id='word_1_309' title='bbox 470 3841 504 3902; x_wconf 91' lang='lat' dir='ltr'><strong>in</strong></span> <span class='ocrx_word' id='word_1_310' title='bbox 528 3843 673 3906; x_wconf 80' lang='lat' dir='ltr'><strong>Siciliam</strong></span> <span class='ocrx_word' id='word_1_311' title='bbox 696 3843 882 3922; x_wconf 85' lang='lat' dir='ltr'><strong>trajiceret,</strong></span> <span class='ocrx_word' id='word_1_312' title='bbox 912 3845 952 3908; x_wconf 82' lang='lat' dir='ltr'><strong>ad</strong></span> <span class='ocrx_word' id='word_1_313' title='bbox 973 3844 1216 3929; x_wconf 79' lang='lat' dir='ltr'><strong>conquirendas</strong></span> <span class='ocrx_word' id='word_1_314' title='bbox 1237 3843 1282 3910; x_wconf 87' lang='lat' dir='ltr'><strong>rel</strong></span> 
     </span>
     <span class='ocr_line' id='line_1_42' title="bbox 309 3923 1282 4012; baseline 0.002 -26"><span class='ocrx_word' id='word_1_315' title='bbox 309 3945 389 4011; x_wconf 83' lang='lat' dir='ltr'><strong>quas</strong></span> <span class='ocrx_word' id='word_1_316' title='bbox 406 3945 524 4002; x_wconf 85' lang='lat' dir='ltr'><strong>naves,</strong></span> <span class='ocrx_word' id='word_1_317' title='bbox 556 3945 638 4012; x_wconf 87' lang='lat' dir='ltr'><strong>quae</strong></span> <span class='ocrx_word' id='word_1_318' title='bbox 658 3923 913 4004; x_wconf 83' lang='lat' dir='ltr'><strong>deerrarerant,</strong></span> <span class='ocrx_word' id='word_1_319' title='bbox 937 3941 971 3991; x_wconf 89' lang='lat' dir='ltr'><strong>et</strong></span> <span class='ocrx_word' id='word_1_320' title='bbox 989 3927 1143 3990; x_wconf 84' lang='lat' dir='ltr'><strong>tuendum</strong></span> <span class='ocrx_word' id='word_1_321' title='bbox 1160 3927 1200 3990; x_wconf 88' lang='lat' dir='ltr'><strong>ab</strong></span> <span class='ocrx_word' id='word_1_322' title='bbox 1218 3923 1282 3990; x_wconf 83' lang='lat' dir='ltr'><strong>hott</strong></span> 
     </span>
    </p>
   </div>
   <div class='ocr_carea' id='block_1_5' title="bbox 311 4041 983 4070">
    <p class='ocr_par' dir='ltr' id='par_1_19' title="bbox 311 4041 983 4070">
     <span class='ocr_line' id='line_1_43' title="bbox 311 4041 983 4070; baseline -0.007 0"><span class='ocrx_word' id='word_1_323' title='bbox 311 4052 645 4070; x_wconf 49' lang='grc' dir='ltr'><strong>μ</strong></span> <span class='ocrx_word' id='word_1_324' title='bbox 977 4041 983 4060; x_wconf 47' lang='grc' dir='ltr'>ἱ</span> 
     </span>
    </p>
   </div>
   <div class='ocr_carea' id='block_1_6' title="bbox 238 4113 1281 4310">
    <p class='ocr_par' dir='ltr' id='par_1_20' title="bbox 238 4113 1281 4310">
     <span class='ocr_line' id='line_1_44' title="bbox 238 4113 1281 4244; baseline -0.001 -72"><span class='ocrx_word' id='word_1_325' title='bbox 238 4151 240 4156; x_wconf 90' lang='grc'><strong>-</strong></span> <span class='ocrx_word' id='word_1_326' title='bbox 345 4113 1119 4244; x_wconf 63' lang='lat' dir='ltr'><strong>eap.tt1.tqseph.serst0,t.16.pmanto.</strong></span> <span class='ocrx_word' id='word_1_327' title='bbox 1164 4117 1281 4200; x_wconf 66' lang='lat' dir='ltr'><strong>capt*</strong></span> 
     </span>
     <span class='ocr_line' id='line_1_45' title="bbox 307 4183 1281 4310; baseline 0.007 -2"><span class='ocrx_word' id='word_1_328' title='bbox 307 4183 788 4310; x_wconf 64' lang='lat' dir='ltr'><strong>ttertttuttntr</strong></span> <span class='ocrx_word' id='word_1_329' title='bbox 806 4185 829 4244; x_wconf 87' lang='lat'><strong>¹·</strong></span> <span class='ocrx_word' id='word_1_330' title='bbox 839 4187 882 4257; x_wconf 80' lang='lat'><strong>⁴³·</strong></span> <span class='ocrx_word' id='word_1_331' title='bbox 1006 4183 1043 4243; x_wconf 71' lang='lat'><strong>‘¹⁰</strong></span> <span class='ocrx_word' id='word_1_332' title='bbox 1059 4185 1202 4246; x_wconf 43' lang='grc' dir='ltr'><strong>ΒΑΜ·</strong></span> <span class='ocrx_word' id='word_1_333' title='bbox 1241 4189 1281 4244; x_wconf 78' lang='lat'><strong>⁰·</strong></span> 
     </span>
    </p>
   </div>
   <div class='ocr_carea' id='block_1_7' title="bbox 0 0 1302 4686">
    <p class='ocr_par' dir='ltr' id='par_1_21' title="bbox 0 0 1302 4686">
     <span class='ocr_line' id='line_1_46' title="bbox 0 0 1302 4686; baseline 0 0"><span class='ocrx_word' id='word_1_334' title='bbox 0 0 1302 4686; x_wconf 95' lang='lat' dir='ltr'><strong> </strong></span> 
     </span>
    </p>
   </div>
  </div>
 </body>
</html>
